2862 4894
707 313 749 374 27

224 499 294 562 iam
319 494 439 562 diutins
464 517 526 560 non
547 507 655 584 potsse
681 517 744 562 non
767 496 889 574 leram,
914 517 977 562 nou
1001 497 1129 586 patiar,
1152 521 1216 566 non

227 614 349 678 sinam.
398 613 449 676 62.
475 607 685 696 Quamobrem
703 610 714 648 ¹
734 659 743 688 ,
766 621 802 676 ut
825 633 916 700 saepe
943 611 1006 676 iam
1033 610 1116 692 diri,
1141 635 1217 702 pro·

228 728 400 794 ficiscere:
438 746 495 806 ac,
529 725 555 790 si
589 722 669 790 mihi
706 725 854 804 inimico,
887 738 922 792 ut
954 726 1137 816 praedicas,
1163 739 1218 792 tuo

229 840 375 905 conflare
413 839 458 904 ris
486 839 661 921 invidiam3
698 853 784 906 recta
808 863 900 930 perge
929 841 960 906 in
988 841 1145 907 exsilium:
1169 841 1219 906 rix

227 955 334 1020 leram
358 976 513 1020 sermones
536 952 721 1033 hominum,
758 957 784 1020 si
808 955 840 1021 id
864 957 998 1023 leceris:
1029 956 1079 1022 rix
1103 954 1219 1022 molem

228 1071 326 1134 istius
356 1068 513 1147 invidiae,
543 1069 569 1134 si
601 1070 633 1136 in
665 1071 809 1138 exsilium
848 1071 919 1137 ieris
956 1073 1040 1137 iussu
1063 1070 1217 1149 consulis,

228 1183 407 1252 sustinebo.
454 1183 511 1251 Sin
542 1196 648 1250 autem
677 1186 794 1252 servire
819 1207 908 1254 meae
944 1185 1030 1252 luudi
1050 1198 1082 1252 et
1102 1185 1219 1273 gloriae

228 1301 356 1378 marin
379 1299 524 1387 egredere
551 1321 624 1366 cunr
647 1300 829 1390 importuna
854 1301 1080 1368 sceleratorum
1101 1323 1215 1368 manu:

228 1415 344 1480 confer
375 1413 457 1480 tead
474 1413 635 1483 Mallium:
663 1417 786 1483 concita
807 1415 945 1506 perditos
961 1418 1068 1484 ciress
1092 1439 1219 1484 secerne

230 1541 262 1596 te
291 1553 312 1594 a
340 1527 449 1598 bouis:
488 1529 572 1596 infer
595 1531 716 1620 patriae
742 1531 885 1610 bellum;
907 1533 1025 1598 exsulta
1050 1532 1150 1621 impio
1174 1531 1220 1597 la-

231 1643 393 1722 trocinio,
430 1655 467 1708 ut
496 1665 587 1709 erne
609 1667 673 1710 non
701 1646 820 1712 eiectus
847 1646 886 1711 sd
909 1647 1040 1726 alienos,
1063 1647 1116 1712 ssd
1138 1646 1221 1714 inri-

232 1771 318 1823 tatus
339 1754 380 1822 ad
409 1768 479 1821 tuos
503 1757 560 1822 isse
590 1758 734 1824 ridearis.
781 1761 837 1828 63.
863 1760 1060 1849 Quamquam
1075 1759 1221 1848 qnidcgo

238 1888 268 1940 te
299 1873 457 1952 invitem,
493 1897 511 1938 u
540 1896 603 1962 qno
638 1873 701 1937 iam
729 1871 824 1939 sciam
849 1894 913 1940 esse
937 1875 1142 1962 praemissos,
1166 1875 1221 1962 qui

241 1989 298 2053 tibi
316 1987 359 2054 ad
382 1987 503 2054 Forum
517 1987 685 2054 Aurelium
711 1985 978 2076 praestolarentur
1003 1983 1149 2050 armati?
1169 1985 1221 2050 cui

236 2103 331 2168 scium
360 2116 485 2191 pactam
509 2113 541 2170 et
565 2104 769 2169 constitutam
793 2125 858 2168 esse
886 2123 959 2169 cum
982 2099 1088 2168 Mallio
1113 2098 1224 2166 diem?

232 2241 250 2282 a
275 2241 342 2307 qno
366 2219 462 2284 etiem
485 2218 624 2308 aquilem
648 2218 735 2285 illam
755 2230 948 2307 argenteam,
981 2237 1076 2305 quam
1100 2213 1159 2279 tibi
1184 2235 1222 2278 ac

232 2333 298 2397 tuis
328 2333 476 2398 omnibus
502 2334 711 2423 perniciosam
747 2355 812 2399 esse
845 2329 971 2398 confido
1003 2343 1036 2398 st
1066 2330 1221 2396 funestam

231 2446 395 2526 futuram,
430 2447 484 2512 cui
507 2447 595 2513 domi
625 2459 698 2512 tuse
720 2448 888 2512 neoterium
920 2445 1069 2512 scelerum
1095 2457 1222 2510 tuorum

231 2562 447 2627 constitutum
472 2561 546 2641 fuir,
570 2560 666 2627 sciam
687 2583 752 2628 esse
775 2558 998 2650 praemissam?
1046 2557 1093 2623 Tu
1116 2569 1152 2622 ut
1169 2557 1223 2622 illa

230 2675 357 2742 diutius
380 2698 487 2742 curere
505 2676 614 2765 possis,
639 2698 733 2765 (Ῑιιιιιι
759 2675 918 2753 venerari,
942 2672 982 2738 ed
1003 2669 1130 2738 caedem
1148 2691 1222 2758 pro-

230 2793 403 2872 ficiscens,
428 2791 572 2858 solebas?
594 2815 612 2857 n
636 2793 725 2858 cuius
755 2791 907 2857 sltnribus
930 2811 1021 2878 saepe
1043 2787 1133 2852 istam
1158 2785 1223 2849 im-

230 2907 321 2996 piam
346 2904 503 2972 dexteram
522 2905 684 2973 adnecem
697 2906 814 2972 cirium
829 2904 1027 2972 transtulisti.
1051 2905 1105 2968 sl.
1129 2900 1223 2968 tbis²

233 3017 364 3084 tandem
384 3018 576 3109 aliqnando,
602 3043 666 3110 quo
688 3031 720 3085 ta
745 3020 807 3086 iam
832 3019 954 3108 pridem
977 3030 1030 3083 tua
1052 3017 1109 3082 ista
1134 3015 1223 3104 cupi-

233 3131 318 3198 ditas
339 3133 487 3200 effrenata
508 3158 545 3202 ac
570 3137 685 3202 furiosa
705 3133 863 3226 rapiebat.
912 3133 1026 3224 Neque
1049 3133 1133 3198 enim
1162 3130 1223 3196 tibi

234 3246 319 3313 haec
354 3270 401 3314 res
424 3249 513 3316 affert
538 3248 701 3331 dolorem,
734 3249 788 3316 sed
815 3248 983 3338 qnamdam
1004 3247 1223 3314 incredibilem

236 3360 447 3450 voluptatem.
494 3361 546 3430 dd
578 3364 661 3432 hanc
692 3377 723 3432 te
753 3367 921 3431 amentiam
946 3375 1056 3428 natura
1080 3364 1223 3451 peperit,

232 3477 383 3544 voluntas
403 3482 555 3562 exercuit,
580 3483 707 3548 fortune
729 3481 875 3547 servarit.
923 3478 1094 3568 Nunquam
1112 3490 1147 3542 tu
1160 3499 1223 3542 non

234 3591 339 3658 modo
368 3595 489 3677 otium,
522 3595 576 3662 sed
599 3620 639 3664 ne
661 3595 781 3662 bellum
805 3595 957 3686 quidem,
982 3594 1043 3659 nisi
1068 3593 1222 3660 nefarium

235 3711 426 3799 concupisti.
472 3711 588 3778 Nactus
620 3735 653 3779 es
680 3735 717 3778 ex
751 3709 900 3801 perditis,
936 3721 1033 3799 atque
1067 3708 1107 3774 ab
1138 3707 1223 3773 omni

237 3845 307 3891 non
331 3823 421 3891 modo
443 3826 589 3908 fortuna,
621 3827 850 3894 verumetiam
874 3847 928 3916 spe
949 3823 1128 3904 derelictis,
1153 3842 1224 3887 cou-

247 3995 397 4008 ...ᾐ-

284 4075 308 4137 ¹)
329 4074 381 4130 thiu
397 4095 417 4130 e.
434 4077 458 4134 e.
476 4080 489 4146 o
506 4076 548 4132 aa.
566 4107 598 4122 -
616 4077 640 4148 ι)
657 4081 716 4133 rua.
732 4095 753 4131 s.
772 4077 812 4133 to.
828 4080 842 4147 s
859 4077 906 4130 25.
