2942 4902
668 353 709 414 ta

196 539 323 619 nunus,
343 553 472 630 rogatus
492 559 549 628 ego
572 537 760 603 sententiam
784 533 886 602 multa
906 535 971 604 dixi
992 537 1032 604 de
1049 561 1173 608 summe

195 673 228 718 re
253 648 385 740 publiea
407 665 504 741 atque
524 645 578 715 ille
595 646 684 716 locus
704 647 856 716 inductus
878 673 896 714 a
918 673 970 716 me
990 667 1036 718 est
1056 651 1173 728 divini-

193 780 261 830 tus:
287 771 370 844 “ne,
396 787 463 830 una
479 760 572 854 plaga
595 779 738 852 aooepta,
758 777 862 852 petius
881 767 1049 856 conscripti
1066 769 1173 834 couci-

193 876 308 944 dorent
315 927 326 958 ,
341 899 385 942 ue
396 874 580 956 deficerout3
594 874 715 942 vulnus
730 897 795 944 esse
806 877 974 960 eiusmodi,
991 879 1081 970 quod
1093 880 1173 948 mihi

191 1012 253 1056 nee
275 986 545 1056 dissimulandum
558 1011 618 1056 neo
638 990 925 1080 pertimescendum
942 991 1119 1060 videretur:
1132 1017 1174 1062 ne

193 1121 249 1170 sut
284 1102 458 1170 metuendo
486 1103 679 1196 ignavissimi
706 1119 762 1170 out
793 1105 970 1198 ignorando
998 1105 1173 1174 stultissimi

192 1215 431 1294 iudimtsmur3
447 1215 498 1282 bis
518 1214 703 1284 absolutum
717 1240 783 1284 esse
801 1217 994 1302 Lentulum,
1015 1219 1065 1286 bis
1085 1219 1173 1300 Cuti-

192 1327 296 1396 linam
305 1355 315 1408 ;
332 1329 424 1396 huno
446 1332 577 1398 tortium
588 1333 653 1398 iem
668 1355 733 1398 esee
749 1357 769 1396 a
791 1331 951 1400 iudicibus
971 1335 1005 1400 in
1022 1357 1091 1404 mm
1109 1360 1173 1426 pu-

192 1442 313 1512 blicem
333 1445 521 1512 immissum.
551 1444 658 1526 Erras,
674 1443 768 1510 Clodi
774 1469 783 1522 ;
805 1469 871 1510 non
893 1462 924 1512 te
938 1447 1057 1516 iu'dices
1068 1443 1172 1531 Urbi,

191 1557 248 1624 sed
271 1558 391 1624 meent
416 1574 637 1638 reservenmt,
658 1581 764 1649 neque
785 1574 816 1624 te
839 1560 973 1628 retinete
993 1564 1028 1627 in
1049 1565 1174 1630 civitate

192 1670 248 1736 sed
266 1667 378 1736 exsilio
391 1671 517 1760 private
527 1669 710 1736 voluerunt.
736 1670 963 1754 Quamobrem,
976 1691 1080 1762 putres
1094 1700 1172 1744 oon-

191 1785 320 1874 soripti,
354 1786 464 1876 erigite
488 1786 630 1864 animos,
656 1786 786 1850 retinete
815 1802 951 1851 vostrum
976 1787 1171 1880 dignitatem.

191 1899 308 1966 Manet
327 1895 383 1964 ille
397 1899 433 1964 in
451 1921 484 1964 ro
502 1895 634 1988 publice
645 1896 808 1962 bonorum
823 1902 1001 1979 oonsonsim
1019 1899 1111 1988 tlolor
1120 1929 1173 1968 oo-

191 2013 286 2079 oessit
305 2010 400 2078 bouis
428 2012 520 2092 viris,
540 2012 642 2078 virtus
662 2033 729 2078 uon
751 2027 797 2076 est
814 2012 1001 2090 imminuu3
1025 2013 1107 2081 nihil
1128 2033 1173 2084 est

192 2127 306 2194 damni
328 2124 450 2194 fuctum
473 2127 563 2206 novi,
591 2125 664 2206 sed,
694 2125 784 2216 quod
812 2142 897 2207 eret,
919 2128 1088 2196 inventum
1116 2145 1171 2196 est.

192 2240 233 2307 ln
251 2241 351 2308 nnius
370 2219 509 2308 hominis
528 2241 642 2329 perditi
661 2240 779 2307 iudicio
800 2239 907 2329 plures
923 2241 1038 2312 similes
1058 2248 1171 2336 roperti

192 2350 302 2420 eunt.”

239 2465 293 2532 26.
315 2465 380 2535 Sed
391 2468 472 2560 quid
490 2468 570 2563 ego?
581 2493 681 2560 paene
692 2471 868 2538 omtiouem
883 2473 917 2536 in
929 2471 987 2538 hos
999 2471 1172 2540 Commen-

193 2581 289 2646 tarios
308 2580 434 2650 inclusi.
464 2583 570 2651 Redeo
591 2583 633 2649 ed
652 2583 898 2652 alternationem.
1156 2569 1158 2572 ⁵

239 2693 351 2788 Surgit
374 2693 555 2786 pulchellus
579 2721 678 2788 puer,
697 2697 806 2765 obiicit
826 2698 926 2779 mihi,
947 2721 999 2764 me
1018 2699 1060 2765 od
1083 2699 1172 2766 Baias

194 2805 300 2874 ltusse.
320 2843 367 2862 -
389 2807 559 2889 “Ealsum3
583 2811 639 2878 sed
654 2827 761 2879 umen
776 2812 858 2903 quid
876 2809 961 2878 hoo?
981 2811 1091 2880 Simile
1109 2829 1171 2894 est,

195 2921 349 3012 inquam,
370 2923 462 3012 quasi
489 2923 573 2990 dices
596 2926 631 2990 in
652 2942 762 3014 operto
780 2924 906 2992 suisse.'’
930 2961 977 2980 ·-
996 2925 1099 3012 Quid,
1121 2929 1172 2994 in-

195 3036 284 3125 quit,
304 3034 428 3102 homini
448 3036 597 3127 Arpinati
616 3061 693 3106 oum
711 3039 952 3130 aquiscalidis?
974 3081 1014 3092 -
1037 3041 1171 3123 “Notou

195 3147 348 3239 inquom,
367 3165 503 3239 petrono
529 3167 606 3234 tuo,
632 3153 691 3242 qui
712 3151 875 3242 Arpinatis
902 3177 1000 3244 aquas
1019 3158 1172 3246 oonoupi-
1239 3184 1250 3200 ·

195 3259 255 3339 vit;
270 3263 354 3328 nosti
371 3261 460 3330 euim
478 3263 670 3331 Marianas?
684 3303 726 3314 -
750 3267 939 3357 Quousque,
950 3269 1072 3358 inquit,
1083 3268 1172 3336 hunc

195 3395 301 3467 regem
318 3371 477 3442 fetemus?
500 3415 542 3424 —-
570 3377 711 3468 “Regem
726 3375 883 3467 appelles,
898 3379 1047 3470 iuquam,
1067 3405 1172 3471 quum

195 3483 262 3552 Rex
290 3487 338 3552 tui
360 3489 556 3558 mentionem
586 3487 713 3554 nullum
736 3487 887 3557 seoeritl''
912 3529 954 3542 -
983 3489 1037 3558 ille
1064 3509 1171 3562 autem

196 3598 288 3693 Regis
309 3600 517 3670 humilitatem
539 3627 595 3693 spe
614 3602 789 3672 devorent.
810 3643 851 3655 -
870 3605 1028 3687 Domum,
1049 3607 1171 3696 inquit,

195 3715 306 3780 emisti.
331 3753 372 3765 —
395 3715 526 3796 “Putos,
546 3717 692 3808 inquam,
709 3717 828 3802 dicere,
841 3717 961 3786 iudices
981 3717 1115 3785 emisti.''
1129 3759 1169 3771 -

196 3824 338 3909 lurenu',
356 3829 473 3918 inquit,
490 3827 551 3896 tibi
569 3853 635 3898 non
658 3831 871 3900 aediderunt.
894 3869 935 3883 -
957 3831 1063 3898 “Mihi
1079 3857 1171 3914 vero,

197 3938 346 4030 inquam,
365 3941 464 4011 XXV
483 3943 602 4011 iudices
622 3945 841 4024 cmdiderunt3
863 3944 995 4024 XXXI,
1018 3947 1171 4034 quoniam

198 4073 345 4119 nummos
359 4069 432 4120 ante
448 4074 654 4146 acceperunt,
674 4056 732 4124 tibi
748 4055 830 4124 nihil
844 4056 1079 4125 erediderunt.'’
1097 4057 1171 4122 Ma-
