2914 4902
632 355 691 415 171

175 560 286 642 ipatus·
317 558 384 624 sire
415 534 559 648 derideo
579 561 608 642 ¹,
637 564 681 630 ita
712 563 813 630 simile
843 565 1007 634 consilium
1032 581 1154 637 secutus

174 669 259 738 Gora.
282 671 459 740 Alexander
484 679 635 766 congessit
660 675 786 768 quidem
811 679 842 744 in
861 686 1058 769 Θαυμασίων
1079 713 1155 754 συν·

173 797 292 875 arom,
331 799 367 854 nt
398 811 471 854 curn
505 789 619 856 Photio
655 793 827 877 oredimus,
860 797 1018 864 mirabilia
1055 801 1153 864 multa

170 923 242 988 qnae
253 901 292 968 de
305 903 496 970 animalibus
513 907 627 973 tradita
641 907 767 997 legerat,
783 909 888 976 redde
902 909 1010 978 natura
1033 937 1150 980 eorun-

171 1011 234 1080 dem
257 1015 410 1104 singulari
425 1041 520 1107 opere
536 1034 764 1088 commentatus
779 1037 834 1090 est.
869 1024 1057 1114 Saepissime
1069 1028 1153 1094 enim

170 1128 321 1196 laudatam
359 1132 408 1198 rel
440 1133 610 1202 indicatam
645 1137 684 1202 nb
720 1139 857 1228 antiquis
891 1139 996 1206 rideas
1031 1140 1153 1238 Myndii

170 1243 331 1312 Alexandri
355 1249 550 1313 Historiam
574 1249 729 1340 quandam
741 1251 964 1320 Animulium.
990 1255 1152 1341 Quendam
1222 1303 1226 1320 .

167 1355 249 1438 dico,
284 1361 364 1452 quia
388 1359 481 1428 huius
505 1385 633 1453 quoque
660 1367 874 1432 commentarii
899 1367 1053 1435 rationem
1076 1389 1152 1434 nou·

167 1471 233 1539 dum
272 1473 352 1540 satis
385 1474 577 1564 exploratam
611 1477 722 1548 habeo.
778 1465 940 1546 Profertur
982 1481 1153 1572 descriptio

168 1589 337 1655 coturnicis
360 1587 506 1670 feminae,
532 1592 631 1681 qualis
653 1593 817 1682 legebatur
830 1596 861 1660 in
883 1595 967 1661 libro
984 1596 1153 1664 Alexandri
1205 1609 1211 1629 “

166 1701 193 1790 β’
212 1711 287 1793 περὶ
315 1709 412 1786 ζώων
430 1704 463 1785 ²3
489 1705 606 1774 dieitur
631 1709 662 1774 in
687 1706 717 1792 γ’
733 1715 807 1796 περὶ
834 1711 926 1789 ζώων
942 1709 1152 1792 haesitaxisse‚

168 1839 215 1884 cur
237 1819 327 1910 apud
354 1821 527 1889 Homerum
551 1823 656 1912 Ulyssi
680 1845 752 1889 cum
777 1823 927 1891 Diomede
952 1817 1151 1914 speculatum

170 1937 286 2002 exeunti
316 1935 458 2006 Minerva
482 1961 543 2005 non
567 1951 715 2003 noctuam
740 1938 864 2019 mittat,
896 1937 948 2005 sed
973 1938 1098 2006 ardeam
1124 1938 1151 2004 ³.

170 2043 304 2140 lltroque
329 2050 427 2138 igitur
450 2051 534 2118 libro
557 2073 656 2142 quum
681 2052 720 2119 de
743 2053 847 2118 arium
864 2053 1033 2142 generibus
1055 2053 1152 2120 disse-

166 2163 252 2230 misse
276 2163 435 2245 rideatur,
462 2168 494 2234 in
521 2179 670 2257 promptu
698 2166 737 2232 sit
764 2167 921 2233 coniicere
940 2165 1075 2232 alterum
1099 2180 1151 2232 to-

164 2275 333 2368 tiusoperis
356 2277 474 2346 librum
497 2281 666 2371 significari
689 2280 729 2346 ab
752 2271 926 2366 Athenaeo,
955 2281 1012 2346 ubi
1034 2280 1074 2347 de
1097 2285 1151 2351 τέ·

163 2417 248 2478 spese
272 2393 382 2484 deque
404 2401 610 2483 πορφυρίωνι
634 2395 743 2460 avibus
766 2395 982 2462 testimonium
1006 2393 1096 2462 affert
1114 2419 1150 2462 es

162 2503 189 2592 β’
209 2513 286 2594 περὶ
307 2517 445 2597 πτηνῶν
480 2513 572 2591 ζώων
608 2523 639 2576 et
662 2507 695 2600 β’
729 2515 804 2598 περὶ
834 2519 889 2597 τῆς
915 2517 983 2580 τῶν
1010 2516 1148 2598 πτηνῶν

164 2623 300 2710 ἱστορίας
324 2621 351 2692 ⁴.
396 2624 486 2690 Idem
509 2647 582 2691 xero
606 2623 700 2690 etiam
724 2623 840 2690 librum
861 2623 894 2714 β’
917 2631 1049 2711 κτηνῶν
1067 2629 1150 2691 ἱστο-

162 2738 228 2818 ρίας
250 2736 363 2804 landet
379 2737 411 2806 ⁵.
435 2739 473 2806 ln
498 2761 559 2828 qua
583 2737 790 2828 inscriptione
812 2759 852 2803 ne
881 2745 1011 2826 κτηνῶν
1037 2757 1148 2801 corrn-

162 2859 246 2934 ptum
269 2851 429 2918 existimes
452 2873 470 2917 e
493 2851 647 2917 vocabulo
671 2859 807 2940 πτηνῶν
822 2863 909 2916 caret
924 2863 1147 2938 argumentum

53 2961 54 2966 ’
162 2957 231 3028 laci:
255 2989 331 3032 nam
355 2965 545 3033 describitur
568 2965 682 3030 animal
704 2965 873 3054 Libycum,
888 2962 978 3029 Marii
993 2961 1148 3028 militibus

162 3090 264 3145 contre
287 3081 475 3170 Iugurtham
500 3079 690 3147 bellantibus
713 3080 892 3163 exitiosum,
916 3077 1053 3169 Gorgon,
1070 3106 1147 3170 προ·

161 3195 246 3281 βάτῳ
267 3199 374 3284 α’γρίνρ
399 3202 513 3284 ὅμοιον
553 3194 623 3274 vel,
658 3207 693 3260 ut
717 3194 894 3260 statuebant
921 3191 992 3273 alii,
1024 3199 1145 3283 μόσχῳ.

162 3302 298 3375 Fortasse
322 3311 418 3401 divisa
434 3312 495 3378 luit
519 3308 597 3376 haec
613 3317 786 3396 συναγωγὴ
806 3309 838 3372 in
855 3307 962 3397 plures
979 3307 1145 3390 sectiones,

163 3420 220 3484 suis
242 3445 383 3514 quasque
407 3425 506 3493 titulis
529 3426 699 3504 distinctas,
723 3427 766 3490 ita
783 3435 818 3490 ut
834 3421 1013 3490 Athenaeus
1028 3420 1146 3486 librum

164 3529 192 3620 β’
215 3546 352 3626 πτηνῶν
383 3543 527 3631 incaptus
563 3539 691 3607 laudans
725 3539 764 3606 ad
797 3539 969 3606 sectionem
992 3538 1146 3627 primam

169 3653 317 3670 ...ὴ-

198 3723 222 3790 ¹)
238 3727 325 3778 ditatur
341 3730 387 3778 boc
402 3747 460 3794 opus
476 3747 527 3780 aare
544 3731 573 3778 ab
591 3729 642 3778 aliis
660 3737 708 3778 turn
726 3729 755 3778 ab
772 3729 889 3779 Athenaeo
907 3729 949 3780 lX.
967 3744 989 3790 p.
1008 3723 1059 3777 388
1075 3728 1105 3791 ll,
1121 3743 1144 3789 p.
1209 3801 1212 3806 Ι

166 3812 212 3865 389
224 3818 253 3882 Β,
271 3839 293 3883 p.
311 3821 364 3872 394
383 3825 410 3886 l),
428 3842 448 3886 p.
466 3821 517 3873 395
534 3825 559 3874 F.
576 3849 611 3860 -
628 3823 654 3890 ²)
672 3824 757 3872 Athen.
774 3823 818 3872 IX.
835 3840 858 3884 p.
872 3819 924 3870 392
940 3821 966 3869 C.

199 3907 224 3975 3)
240 3913 378 3979 toabam·
394 3915 423 3963 ιιι
439 3917 514 3968 roae
532 3919 565 3968 x.
583 3916 644 3967 aar.
663 3943 696 3954 -
713 3916 736 3980 ν)
755 3917 798 3966 rx.
816 3933 842 3979 ρ.
862 3911 942 3962 aesc
958 3920 983 3962 a
1002 3909 1053 3961 sae
1072 3913 1104 3961 n.

198 4001 219 4066 ⁵)
234 4004 261 4054 l·
273 4023 300 4072 p·
314 4003 367 4056 221
386 4007 468 4072 ll-ll,
485 4027 530 4073 qao
545 4012 596 4060 loeo
612 4019 711 4060 nauseet
725 4010 854 4060 Ruxtethinx
865 4007 957 4072 Odyss-
969 4005 998 4056 A
1003 4038 1014 4055 a
1024 4022 1051 4068 p.
1065 4003 1146 4070 170⁴,

172 4109 239 4158 “tw
251 4115 329 4152 mm
346 4115 391 4150 tue
406 4101 563 4168 deprompsisse
580 4104 701 4176 Eudooisn
717 4103 796 4154 monui
812 4119 839 4165 p.
862 4096 909 4149 98.
