2862 4894
737 369 779 431 30

263 557 351 624 ltalia
369 557 546 637 renelicus,
580 554 649 643 quis
673 551 846 643 gladiator,
869 553 940 642 quis
963 551 1060 633 latro,
1086 555 1155 643 quis
1170 553 1247 619 sica·

261 673 342 752 rius,
372 672 441 762 quis
473 668 645 759 parricida,
680 670 749 758 quis
782 679 1037 736 testamentorum
1063 669 1244 749 subiector,

265 789 334 877 quis
361 786 634 875 circumscriptor,
673 786 743 872 quis
767 805 884 872 ganeo,
921 783 992 871 quis
1026 805 1141 872 nepos,
1177 787 1247 873 quis

264 901 403 979 adulter,
428 919 507 990 quae
534 899 648 964 mulier
665 899 809 979 infamis,
834 899 905 988 quis
917 910 1083 988 corruptor
1103 899 1247 965 iurentu-

264 1017 317 1094 tis,
357 1016 427 1105 quis
463 1027 652 1103 corruptus,
689 1015 759 1102 quis
783 1013 927 1102 perditus
958 1014 1090 1078 inveniri
1117 1026 1245 1102 potest,

264 1132 320 1220 qui
344 1153 375 1196 se
399 1153 471 1195 cum
488 1128 620 1195 Catilina
640 1151 701 1194 non
715 1128 953 1193 familiarissime
966 1128 1073 1194 sitisse
1089 1129 1247 1195 fateatur?

265 1267 345 1334 quae
363 1245 471 1310 caedes
490 1265 547 1334 per
571 1242 665 1308 hosce
688 1263 784 1307 annos
807 1242 872 1306 siae
895 1242 949 1306 illo
968 1242 1050 1308 lacta
1066 1243 1137 1308 cstl
1162 1241 1247 1333 quod

264 1359 421 1424 netarium
443 1370 586 1447 stuprum
614 1381 676 1423 non
698 1355 885 1446 perillum?
906 1361 977 1424 171,
1001 1357 1068 1422 lem
1080 1379 1154 1423 rero
1166 1381 1248 1448 quae

264 1485 350 1539 tanta
372 1474 403 1537 in
431 1473 495 1537 ullo
516 1493 654 1561 unquam
675 1469 803 1536 homine
827 1471 998 1537 iuventutis
1011 1472 1157 1538 illecebra
1176 1475 1246 1554 luit,

265 1603 382 1679 quanta
419 1591 450 1654 iu
482 1589 561 1655 illo?
597 1589 651 1678 qui
684 1588 760 1653 alios
790 1589 859 1676 ipse
887 1587 1012 1654 amabat
1042 1588 1245 1676 turpissime,

263 1704 396 1768 eliorum
422 1704 518 1768 amori
549 1703 790 1792 flagitiosissime
812 1703 987 1782 serviebat,
1019 1701 1090 1766 aliis
1108 1703 1246 1768 fructum

267 1817 457 1901 libidinum,
484 1817 551 1884 aliis
574 1829 707 1883 mortem
725 1829 907 1907 parentum,
933 1839 995 1882 non
1021 1817 1115 1884 modo
1139 1818 1249 1907 impel-

264 1933 377 2014 lendo,
409 1953 517 1998 rerum
546 1933 640 2000 etiam
662 1931 857 2015 adiuvando,
883 1931 1106 2022 pollicebatur.
1155 1933 1248 2000 Nunc

264 2067 337 2112 rero
363 2070 458 2136 quarn
486 2048 606 2126 subito,
631 2070 691 2113 non
714 2046 816 2113 solum‘
836 2069 871 2112 er
894 2047 994 2129 Urbe,
1022 2069 1129 2114 rerum
1145 2050 1247 2114 etium

262 2183 299 2227 ex
330 2163 432 2250 agris,
471 2161 627 2250 ingentem
656 2185 841 2228 numerum·
860 2162 1054 2252 perditorum
1081 2162 1246 2230 hominum

264 2274 459 2363 eollegerat?
494 2276 616 2354 Nemo,
649 2298 712 2340 non
737 2275 830 2341 modo
851 2277 990 2361 Romae,
1023 2275 1075 2343 sed
1099 2299 1158 2343 neo
1182 2278 1246 2344 ullo

265 2389 297 2452 in
323 2389 436 2478 angulo
466 2390 560 2455 totius
592 2388 721 2470 ltaliae,
757 2411 924 2480 oppressus
938 2415 1017 2478 ,aere
1040 2393 1141 2457 alieno
1168 2393 1245 2472 fuit,

155 2567 165 2588 ,
264 2525 358 2592 quem
379 2525 440 2569 non
465 2503 503 2568 ad
528 2503 589 2569 hoc
605 2503 791 2570 incredibile
811 2505 935 2571 sceleris
947 2505 1055 2572 locdus
1068 2507 1245 2576 adsciverit.

308 2731 397 2799 XIX.
423 2736 476 2800 72.
511 2733 720 2826 Sed¹quum
742 2737 897 2813 riderem,
933 2735 958 2802 si
983 2735 1090 2812 illum,
1121 2747 1157 2800 ut
1180 2745 1248 2800 erat

263 2847 410 2925 meritus,
437 2861 538 2913 morte
554 2850 751 2934 multassem,
778 2853 864 2932 lore,
890 2865 925 2917 ut
937 2853 1003 2916 cius
1019 2853 1117 2917 socios
1130 2851 1247 2916 insidia

264 2983 428 3048 oppressus
449 2967 595 3053 persequi
619 2987 680 3031 non
705 2989 843 3055 possem:
875 2989 940 3032 rem
965 2965 1028 3031 huc
1052 2963 1186 3043 deduxi,
1212 2977 1247 3029 ut

264 3085 331 3140 turn
363 3075 464 3164 pelam
492 3101 629 3166 pugnare
652 3103 828 3170 possemus,
871 3103 968 3171 quum
992 3080 1114 3148 bostem
1138 3091 1246 3170 aperte

263 3188 450 3258 rideremus.
498 3193 581 3258 lllud
610 3217 683 3260 sero
718 3197 846 3262 moleste
878 3197 958 3275 tuli,
984 3195 1068 3284 quod
1099 3219 1135 3261 ex
1158 3195 1246 3262 Urbe

263 3325 373 3391 parum
406 3306 573 3371 comitatus
606 3309 728 3374 exierit.
778 3307 903 3374 Utinam
928 3309 981 3376 ille
1010 3332 1117 3375 omnes
1139 3331 1245 3375 secum

262 3437 332 3481 suas
363 3420 467 3507 copias
490 3420 658 3488 eduxisset!
695 3419 870 3511 Tongilium
896 3421 975 3489 mibi
996 3422 1123 3504 eduxit3
1151 3445 1244 3512 quem

264 3553 367 3596 amare
391 3533 422 3597 in
446 3547 605 3623 praetexta
620 3550 785 3626 coeperat:
811 3538 988 3604 Publicium
1004 3551 1037 3605 et
1051 3539 1243 3614 ldunatium3

263 3667 398 3734 quorum
431 3671 481 3715 aes
516 3651 654 3718 alienum
683 3639 881 3718 contractum
918 3653 950 3718 iu
975 3654 1091 3744 popina
1123 3651 1244 3718 nullum

263 3759 309 3823 rei
348 3761 495 3849 publicae
529 3777 649 3831 motum
682 3767 793 3833 efferre
823 3779 955 3857 poterat.
1002 3768 1143 3856 Reliquit
1168 3789 1246 3856 quos

264 3875 363 3940 rirosl
390 3892 508 3967 quanto
535 3881 637 3946 alieno
657 3887 747 3948 aere!
773 3905 866 3971 quam
890 3882 1044 3951 ralentesl
1070 3907 1164 3974 quam
1189 3905 1245 3948 aa·

253 4034 406 4046 u———au

298 4113 321 4177 Ι)
341 4115 405 4166 tbit.
429 4132 454 4164 c.
476 4112 504 4166 2.
527 4118 586 4182 dl.
