2772 4902
715 300 779 367 138

253 495 349 580 etism
372 489 536 558 historicis.
582 487 738 556 Pertiuuit
759 485 990 578 quodammodo
1007 475 1236 554 blexooderad

253 607 285 672 id
309 627 405 694 genus
427 604 635 692 scriptorum,
672 603 727 692 qui
750 602 826 668 licet
849 623 950 690 oeque
973 583 1080 668 esseni
1098 624 1155 674 uec
1179 625 1237 692 ap·

252 721 444 812 pellerentur
459 719 650 807 Perlegetae,
673 717 781 783 eodem
801 717 903 783 studia
914 717 1079 782 scribendo
1091 718 1239 807 proxime

252 835 409 926 persecuti
431 845 520 910 snut,
542 854 698 923 »quorum
716 832 913 920 scriptiones,
930 844 964 897 ut
976 833 1020 898 eit
1035 831 1189 900 Prellerus
1210 835 1238 914 ¹,

253 972 315 1016 ooo
339 964 401 1014 tam
426 949 465 1014 de
488 949 688 1012 monimentis
712 945 744 1011 in
768 947 841 1035 ipsis
865 946 941 1014 locis
968 949 1113 1013 eruendis
1140 949 1241 1014 luisse

253 1063 418 1144 ridentur,
452 1084 546 1151 quam
569 1062 609 1127 de
633 1061 805 1150 originibus
828 1083 864 1130 er
897 1061 1073 1128 fabularum
1100 1063 1240 1151 vestigiis

252 1175 449 1268 repetendis;
484 1174 568 1265 quod
596 1188 816 1263 argumentum
840 1176 974 1244 merisne
1004 1176 1147 1264 placebat
1171 1176 1237 1256 iis,

254 1294 311 1382 qui
333 1292 418 1358 dorni
450 1290 618 1355 assidentes
640 1289 774 1356 aliorum
797 1289 894 1356 libros
917 1290 1103 1378 compilare,
1140 1313 1238 1380 quarn

254 1407 314 1497 ipsi
337 1407 430 1470 urbes
453 1415 548 1493 atque
572 1403 714 1468 ustiones
737 1415 855 1469 exteras
876 1403 965 1468 obire
987 1417 1019 1468 et
1034 1403 1102 1468 looa
1117 1425 1241 1470 memo·
1314 1427 1317 1437 ·

254 1520 365 1599 rabilia
389 1519 452 1584 suis
467 1517 566 1584 oculis
578 1517 733 1606 inspicere
746 1501 915 1584 mellent.'²
935 1515 1068 1584 Tantum
1083 1531 1243 1606 postrema

254 1657 316 1700 ooo
334 1633 469 1700 >omuino
493 1635 525 1702 in
547 1629 775 1720 Polybistorem
801 1631 921 1710 raleot,
945 1632 1065 1720 quippe
1088 1632 1143 1721 qni
1166 1631 1244 1720 plu-

256 1750 333 1816 rime
345 1746 474 1835 quidem
487 1747 619 1812 aliorum
641 1769 681 1813 ex
704 1747 829 1836 scriptis
853 1746 1006 1826 hauserit,
1028 1759 1064 1834 pt
1079 1769 1172 1834 saepe
1185 1767 1243 1812 nos

255 1863 439 1932 auctoribus
463 1862 528 1950 ipse
551 1863 613 1926 suis
636 1863 803 1926 nominatis
826 1861 919 1927 docet
941 1860 966 1935 ².
993 1883 1050 1928 uec
1066 1874 1167 1927 tamen
1186 1862 1242 1938 its,

256 1989 292 2043 ot
322 1999 385 2044 nou
415 1975 575 2042 interdum
609 1980 703 2042 etism
733 1977 847 2042 reserat
878 1977 939 2042 risa
964 1977 996 2040 in
1020 1975 1187 2041 itineribus
1208 1973 1243 2052 ⁸,

255 2114 390 2183 quorum
427 2089 581 2180 quaedam
616 2093 753 2180 suscepit
789 2093 917 2156 fortasse
952 2089 1050 2158 Crassi
1084 2113 1189 2160 comes
1214 2089 1240 2154 ⁴.

257 2207 343 2272 llaec
365 2226 438 2270 sero
461 2209 625 2293 utcunque
647 2228 711 2272 sese
735 2205 872 2284 babent,
904 2206 984 2294 ipsus
1008 2206 1159 2272 librorum
1186 2227 1242 2272 re·-

255 2319 371 2409 liquies
396 2319 634 2408 inspicientibus
657 2333 743 2409 potet
760 2319 895 2400 abunde,
911 2343 1005 2409 quarn
1032 2320 1126 2386 luerit
1150 2321 1243 2387 sedu-

257 2435 305 2500 lus
327 2432 500 2500 Alexander
524 2435 555 2500 iu
579 2435 640 2499 situ
663 2435 804 2500 locorum
828 2435 1008 2513 indicando,
1034 2457 1170 2524 qnorum
1192 2435 1247 2502 rel

257 2549 464 2616 minutissima
489 2561 646 2628 recenset;
672 2571 765 2637 quam
789 2549 921 2638 diligens
944 2551 976 2614 in
993 2571 1245 2616 commemorau-

258 2663 306 2729 dis
329 2662 520 2752 singularum
548 2663 710 2750 regionum
734 2663 904 2743 montibus,
929 2644 1042 2742 lluriis,
1068 2663 1242 2752 portubusr

258 2799 352 2866 qnam
377 2779 515 2842 intentus
548 2777 579 2842 io
608 2799 710 2842 mores
741 2777 915 2844 incolarum
944 2789 1040 2864 atque
1071 2776 1240 2857 instituta,

257 2891 442 2980 omnisque,
468 2912 549 2979 quae
571 2891 712 2979 gigneret
736 2891 838 2956 ubiris
861 2903 992 2967 nature,
1018 2901 1054 2956 ut
1077 2889 1240 2971 animalis,

258 3005 397 3087 arbores,
423 3005 547 3082 similis,
569 3018 605 3070 ut
629 3027 791 3094 nunqnam
815 3029 854 3072 ne
877 3006 1004 3095 gentilis
1032 3003 1162 3094 quidem
1185 3025 1245 3070 no·

260 3121 343 3185 mina
367 3141 527 3209 apponere
556 3119 701 3209 negligat.
750 3121 948 3210 Quapropter.
984 3119 1062 3209 quid
1100 3118 1243 3188 Raucbio

259 3233 428 3314 acciderit,
453 3247 634 3300 accuratam
653 3235 807 3302 montium
824 3248 857 3301 et
872 3234 1040 3302 fluviorum
1062 3249 1095 3302 et
1115 3234 1244 3302 urbium

259 3350 473 3414 recensionem
505 3351 537 3414 in
560 3348 731 3414 Alexandri
757 3349 881 3440 scriptis
914 3348 1124 3433 desideranti,
1151 3348 1244 3438 plane

260 3485 322 3528 nou
362 3462 516 3554 intelligo.
577 3461 662 3528 Talis
691 3462 776 3528 euius
816 3465 956 3554 quamvis
985 3487 1080 3554 parra
1126 3463 1242 3532 indicia

268 3605 426 3618 ——a

293 3700 317 3765 ¹)
336 3703 429 3752 Pulsus.
438 3704 540 3770 stega·
558 3721 580 3765 p.
601 3701 657 3752 175.
676 3728 708 3740 -
725 3701 750 3765 ²)
769 3705 801 3751 lla
817 3701 868 3752 eliis
885 3702 974 3766 seriptis
990 3703 1031 3754 dt.
1048 3703 1062 3769 p
1080 3701 1189 3754 tra-19.

294 3793 318 3862 ⁸)
334 3795 377 3844 Gli.
394 3797 407 3862 5
426 3795 475 3858 13,
491 3797 505 3862 i
522 3795 570 3860 15,
586 3797 600 3862 p
617 3795 659 3845 16.
693 3797 726 3846 lle
741 3795 979 3860 rsbnanrioo,s1uss
994 3795 1067 3858 putris
1084 3795 1242 3858 elicitam

260 3905 314 3940 rurs
330 3891 418 3940 uidere
436 3891 550 3954 potnerit,
566 3891 678 3940 nemmem
695 3891 760 3956 legit.
795 3891 898 3940 &brun
915 3891 983 3940 etiarn
999 3891 1051 3940 aliis
1067 3907 1095 3940 ex
1113 3891 1178 3940 libris
1195 3905 1242 3941 nun

187 3971 189 3974 ⁵
260 3985 414 4048 desuntque
432 3983 573 4043 circulos
588 3994 686 4048 arguunt
703 3995 771 4048 atqua
786 3985 904 4034 reritsten
918 4003 1005 4036 sunno
1016 3987 1093 4038 studio
1105 3987 1241 4052 indagatam·

262 4079 309 4129 tit.
328 4080 351 4128 in
369 4079 445 4144 prinis
464 4079 477 4144 d
494 4077 536 4129 22.
554 4107 588 4120 -
606 4079 628 4145 l)
646 4081 678 4132 Gi.
697 4098 764 4144 sepse
781 4098 807 4143 p.
823 4078 859 4130 99
875 4095 908 4140 ag.
