2772 4902
746 323 807 388 102

287 510 466 586 Ἰταλικοῖς
489 505 626 572 Plinium
649 528 740 570 usum
765 529 829 572 esse
848 518 961 588 statuo,
988 505 1043 572 ubi
1073 503 1276 572 oratiorum

288 625 389 714 gentis
409 623 581 711 originem,
605 642 700 712 quam
723 645 755 688 ae
779 624 922 711 ignorare
948 621 1026 688 Gato
1042 623 1137 688 lassus
1157 622 1212 704 sit,
1234 621 1276 688 ab

288 737 463 806 Alexandro
493 737 662 826 repetitam
698 739 742 802 ait
778 761 794 802 a
826 737 975 816 Graecia,
1010 738 1275 828 interpretatione

286 857 381 922 etiam
402 855 551 934 nominis,
577 864 612 918 ut
633 856 694 940 qui
716 857 821 918 vitum
844 858 880 916 in
896 856 1062 921 montibus
1075 854 1235 940 deperent
1248 851 1274 917 ¹.

289 971 365 1052 Quis
389 970 515 1035 taudem
535 970 566 1034 in
591 968 772 1046 Ἰταλικοῖς
795 968 911 1056 soripta
938 968 1030 1034 fuisse
1048 980 1149 1056 neget,
1178 965 1278 1034 Trie-
1371 1007 1372 1022 κ

287 1089 420 1160 ra'rram,
447 1081 558 1172 Capeti
585 1083 702 1160 lilium,
728 1094 891 1148 venantem
907 1084 938 1148 in
954 1083 1099 1148 Albulam
1122 1083 1277 1148 cecidisse

289 1213 321 1266 et
343 1197 440 1264 durio
463 1219 575 1264 nomen
595 1196 717 1262 dedisse
731 1195 859 1284 Tybrin
872 1199 895 1274 ²3
915 1211 1011 1286 atque
1023 1197 1281 1274 Anchemolum,

288 1311 404 1380 Rhoeti
428 1312 550 1391 lilium,
577 1311 834 1378 Marrhubiorum
858 1312 888 1376 in
925 1313 1016 1378 ltalia
1045 1312 1150 1400 Regis,
1173 1315 1232 1402 qui
1261 1337 1278 1376 a

286 1427 409 1494 Phoroo
437 1427 557 1492 marino
578 1425 643 1492 Deo
660 1449 756 1514 genua
775 1425 923 1501 duceret,
954 1440 1093 1514 stuprata
1117 1449 1277 1508 noverea,
1373 1432 1374 1438 ’

289 1539 460 1608 rindiotana
484 1542 582 1628 patris
604 1537 746 1628 effugisse
762 1563 859 1631 seque
871 1541 909 1606 ad
934 1542 1077 1607 [launum
1095 1542 1279 1620 contulisse,

288 1653 388 1722 Turni
409 1667 529 1745 patrem
547 1651 582 1719 ³?
620 1655 703 1740 Quin
724 1656 819 1720 etiam
841 1657 1011 1742 cogitanti,
1036 1667 1136 1740 μῦθοι
1154 1656 1278 1722 Bacchi
1374 1684 1375 1734 p

292 1792 386 1860 qnam
400 1769 563 1857 nonjunoti
577 1770 776 1836 luerinteuor
793 1771 895 1858 prisea
914 1771 1139 1851 Romanorum,
1159 1769 1279 1836 Tusco·

291 1907 361 1952 rum
383 1898 469 1950 certe
487 1882 616 1948 historia
627 1887 652 1964 ⁴,
671 1881 804 1948 dubium
825 1907 885 1949 nou
905 1883 1073 1963 videbitur,
1094 1883 1170 1972 quin
1189 1883 1278 1973 quod

290 1998 466 2066 Alexander
490 1996 623 2062 tradidit
640 1995 679 2062 de
695 1995 823 2064 Baooho
838 1996 879 2062 ab
895 1997 1110 2075 Eleutherio,
1127 1995 1280 2062 Boeotiae

291 2113 390 2195 urbe,
415 2109 539 2176 Libero
560 2113 667 2177 Porro
680 2111 837 2200 appellato
855 2105 876 2188 ⁵,
897 2111 1007 2177 iisdem
1027 2113 1057 2176 in
1076 2125 1278 2178 commenta·

293 2226 348 2290 riis
371 2221 548 2292 tradiderit.
575 2224 695 2309 Quibus
720 2247 756 2290 ex
776 2226 854 2292 locis
875 2227 1014 2292 cernitur
1034 2224 1192 2291 luculente
1210 2240 1280 2290 stu-

292 2339 380 2408 diurn
401 2339 596 2428 grammatici
628 2352 660 2404 et
683 2340 797 2407 Graeoi
831 2340 967 2406 hominia
999 2361 1121 2404 omnem
1148 2342 1280 2404 omniuo

293 2476 399 2520 rerum
423 2453 607 2520 Italicarum
623 2454 774 2543 originem
794 2478 812 2521 e
832 2457 957 2523 Graecis
977 2453 1153 2543 repetendi,
1179 2475 1281 2542 usque

291 2591 329 2634 oo
352 2581 389 2636 ut
407 2569 454 2636 rel
474 2568 707 2659 probabilitatis
727 2569 841 2635 limites
853 2567 1027 2658 transgredi
1040 2591 1101 2634 non
1119 2583 1277 2634 vereatur.

291 2684 333 2748 Ut
356 2695 460 2750 autern
486 2684 656 2772 fragmenta
671 2684 724 2750 illa
744 2683 939 2772 diligentiam
956 2684 1123 2750 Alexandri
1143 2698 1281 2771 arguunt

293 2799 325 2864 in
349 2798 460 2886 priscis
480 2797 590 2864 Italiae
615 2805 735 2885 μύθοις
759 2797 961 2885 colligendis,
989 2799 1031 2862 ita
1053 2797 1112 2864 hoo
1129 2799 1222 2862 simul
1244 2817 1280 2862 ax

293 2911 402 2979 iisdem
425 2913 581 2993 efficitur,
606 2913 708 2980 »nihil
730 2913 826 3002 magis
844 2913 884 2978 ab
913 2912 1080 2978 Alexandri
1107 2935 1197 2979 sensu
1220 2912 1281 2978 ab·

295 3025 466 3104 horruisse,
485 3047 579 3112 quaxn
597 3049 733 3094 sererent
756 3049 860 3091 rerurn
890 3039 1044 3114 gestarum
1067 3028 1228 3093 historiam
1243 3049 1279 3092 ex

1232 3133 1251 3170 a

295 3343 345 3392 rius
368 3341 468 3390 meminit
485 3339 546 3389 Arra.
565 3341 606 3389 ill.
626 3337 690 3400 334,
717 3354 801 3386 rooana
827 3339 974 3388 trameant
994 3341 1127 3400 orama,
1145 3347 1168 3387 et
1185 3339 1280 3386 tonan

294 3437 362 3486 edam
385 3433 521 3485 Plutarelxur
549 3433 579 3482 do
598 3433 632 3482 Is.
656 3441 681 3481 et
703 3432 770 3480 Orr'r.
786 3429 895 3479 xxxttt
913 3449 943 3479 ex
960 3431 1081 3494 Aristone,
1107 3431 1148 3494 qni
1165 3432 1213 3494 ipae
1230 3447 1278 3480 aare

294 3531 484 3581 Arcenam-maa
497 3527 600 3588 ridetur,
618 3525 721 3590 aeqrtxlis
736 3525 861 3574 Strabonis.
879 3553 911 3562 -
929 3527 952 3590 ¹)
972 3527 1004 3576 Ε.
1022 3527 1061 3576 Ν.
1083 3529 1131 3576 ΙΙΙ.
1145 3524 1191 3575 21.

330 3625 355 3688 ²)
373 3627 490 3687 Tanquam
507 3621 615 3671 Sarritor
632 3622 739 3684 leguntur
754 3622 817 3669 Aera.
837 3620 896 3669 llil.
913 3617 982 3682 ³³0,
1006 3622 1045 3670 aed
1067 3621 1132 3670 aneia
1147 3639 1174 3672 ea
1188 3620 1279 3670 iuduait

296 3719 368 3781 lion,
379 3728 406 3768 ut
421 3735 480 3782 qaae
489 3716 643 3766 deriderentur
656 3715 680 3762 in
695 3713 797 3776 plurimis
807 3714 876 3762 eote.
885 3722 908 3762 at
919 3723 976 3766 ratt.
989 3713 1047 3762 sad.
1063 3716 1159 3779 Nepae,
1170 3713 1280 3778 exoaxptir

298 3813 498 3878 praeoodeatibua,
515 3821 603 3876 resepta
619 3817 673 3858 aaut
690 3827 703 3856 a
721 3809 904 3875 Mytiogropio
921 3811 1018 3874 primo,
1036 3826 1104 3872 quam
1121 3821 1188 3860 roeat
1203 3811 1278 3870 liade,

298 3912 321 3960 Ι.
336 3905 432 3970 19341.
447 3904 493 3955 59.
517 3931 546 3944 -ι
567 3903 590 3965 ³)
609 3903 673 3952 serv.
689 3903 706 3950 l.
720 3903 737 3950 l.
755 3902 783 3950 X.
798 3899 855 3952 388.

331 4003 354 4066 ⁴)
371 4002 403 4051 Gi.
420 4019 442 4050 r.
461 4017 481 4048 o.
498 4000 561 4048 Serv.
577 4000 592 4046 l.
611 3998 629 4046 l.
647 3999 670 4046 l.
682 3995 730 4056 67,
750 3998 792 4044 ΙΙΙ.
810 3993 851 4045 80.

334 4097 357 4158 ⁵)
378 4095 491 4144 sterant.
514 4095 624 4152 Onusam
645 4092 712 4140 Rom.
728 4089 782 4138 cll.
