2976 4900
694 373 757 436 tis

300 557 355 624 Ait
370 561 457 626 enim
473 559 614 650 Lepidus
633 583 708 626 eum
724 562 830 627 nescio
845 583 912 650 qno
926 575 1105 649 penetrasse
1123 560 1217 626 itine-

235 673 288 738 50.
301 672 404 740 ribus:
438 673 621 742 occultandi
649 677 698 741 sui
727 699 820 742 causa
845 699 886 740 an
916 677 1012 766 masis
1036 674 1216 764 apiscendi,

169 833 176 844 ·
300 811 342 855 ne
359 790 384 854 is
406 789 539 880 quidem
562 791 630 856 scit.
674 790 806 882 Ignorat
826 791 920 856 etiam
945 789 985 856 de
1002 787 1079 854 silio.
1118 787 1218 854 Addit

300 899 383 968 illud
419 927 495 970 sana
531 902 722 985 molestum,
762 906 932 994 pecuniam
970 903 1110 969 Domitio
1145 904 1216 968 saus

269 1083 313 1134 50.
333 1087 470 1146 emuniuit
485 1100 514 1134 ne
528 1087 554 1134 iu
573 1087 664 1148 quidem
680 1088 736 1135 seit.

450 1185 546 1192 *-
555 1185 720 1192 ---Ἥ

232 1237 283 1301 iu.
304 1261 368 1298 eum
389 1251 556 1319 nescioquo
572 1257 739 1318 penetrasse
754 1241 910 1300 itineribus.
931 1239 979 1302 id
992 1259 1055 1302 voc.
1069 1237 1216 1298 itineribus

313 1365 385 1406 cum
405 1343 554 1407 lambino
574 1346 756 1410 adiectisum
776 1345 912 1430 requiro,
933 1345 985 1406 sed
1002 1365 1127 1430 quum
1143 1344 1217 1405 duo·

313 1450 369 1514 ltus
389 1451 428 1514 ab
447 1453 505 1514 illo
524 1451 603 1514 datis
621 1457 739 1513 occultis
758 1452 805 1514 tel
822 1457 910 1514 deuiis
923 1463 1065 1514 neuuum
1081 1451 1215 1535 placeat,

313 1560 462 1642 quoniam
481 1559 615 1644 sequitur
636 1563 796 1620 occultandi
814 1569 860 1620 sui
880 1579 982 1636 causa,
1004 1559 1093 1622 unice
1111 1567 1217 1641 apuam

314 1665 432 1728 videtin
445 1675 573 1746 magnis,
593 1687 654 1750 quo
667 1665 756 1750 sugas
771 1663 904 1728 celeritas
918 1663 1093 1727 declaretur.
1113 1663 1216 1726 Scribo

314 1773 424 1856 igitur:
452 1793 516 1832 eum
545 1781 638 1832 neseio
665 1795 721 1851 quo
739 1788 907 1852 penetrasse
927 1779 1040 1851 magnis
1059 1771 1216 1830 itineribus.

313 1879 358 1941 Cf.
384 1879 514 1940 Plancus
541 1880 576 1940 in
601 1879 654 1962 Ep.
681 1878 763 1940 Fam.
782 1879 823 1955 X,
842 1877 919 1950 ii,3
948 1887 978 1938 et
1005 1877 1057 1950 15,
1079 1875 1108 1936 ³.
1148 1875 1216 1936 lion

313 1987 383 2047 satis
411 1997 497 2048 caute
524 1985 667 2047 Graevius
698 1983 787 2046 verba
808 1985 968 2075 restituisse
989 1979 1130 2068 putabat,
1150 2002 1215 2044 soc.

312 2093 460 2152 itineribus
478 2114 549 2153 oum
570 2113 651 2176 seqq.
672 2091 852 2168 coniuncto,
878 2110 976 2174 neque
998 2087 1126 2149 iburetus
1152 2109 1215 2148 cor·

311 2198 438 2280 rigendo
459 2207 570 2259 itineris
590 2201 750 2260 occultandi
768 2205 814 2257 sui
829 2219 916 2257 causa
932 2215 1031 2257 seram
1046 2193 1139 2255 Tullii
1154 2216 1215 2256 tna·

311 2325 387 2365 num
408 2303 537 2366 reduxit.

230 2409 279 2469 60.
300 2431 338 2470 an
357 2417 445 2470 maris
464 2415 618 2490 apiscendi.
658 2409 786 2489 Dubito,
803 2431 843 2471 an
856 2411 983 2494 scriptur
995 2409 1055 2472 hou
1068 2431 1132 2471 unu
1146 2408 1215 2470 loco

295 2495 455 2594 'apiscendi
472 2514 564 2578 verbo
585 2518 630 2578 uti
650 2517 799 2588 uoluerit,
812 2516 904 2600 'quod
919 2528 1025 2578 veteres
1038 2526 1143 2598 poetae
1156 2535 1215 2576 sae-

311 2621 379 2702 pius
399 2633 572 2704 posuerunt.
614 2621 657 2682 ci.
679 2621 802 2684 helam.
823 2623 862 2684 ad
883 2623 970 2684 Lucr.
990 2643 1021 2704 p.
1039 2621 1111 2682 312.
1138 2621 1214 2682 Natu

312 2727 380 2809 leg.
402 2727 431 2798 1,
452 2725 508 2799 20,
528 2727 570 2790 52
590 2727 798 2812 interpolatori
820 2726 955 2790 debetur.
985 2725 1074 2788 Vidd.
1088 2725 1215 2788 lacerus

311 2843 342 2894 ct
360 2831 471 2894 balius
483 2833 522 2895 ad
533 2855 559 2895 e.
571 2833 594 2894 l.
616 2833 769 2896 Incestum
783 2845 884 2896 tamen
897 2845 957 2906 est,
978 2843 1082 2894 utrum
1094 2831 1214 2916 scripse·

308 2940 365 3011 tit,
386 2942 562 3017 adipiscendi
582 2959 624 3000 un
643 2944 819 3018 assequendi.

230 3047 280 3108 51.
301 3067 337 3105 ne
356 3055 382 3104 ts
402 3049 516 3123 quidem
537 3055 602 3104 seit.
641 3046 762 3124 Ignorat
780 3055 868 3106 etiam
888 3047 1006 3124 defiiio.
1039 3047 1071 3104 Is
1083 3056 1114 3106 et
1126 3055 1213 3105 etiam

310 3149 437 3212 debetur
456 3149 619 3232 liadaigio‚
639 3144 765 3212 amend.
785 3151 818 3211 in
837 3149 898 3212 Cio.
917 3149 973 3212 lilr.
990 3149 1099 3234 philos.
1118 3171 1150 3234 p.
1162 3151 1213 3213 it.

310 3257 387 3318 Nam
407 3277 506 3341 nequa
525 3261 559 3316 td
575 3277 675 3340 nepae
693 3267 786 3329 enim,
811 3257 894 3340 qnod
921 3255 1015 3318 libius
1037 3257 1212 3340 occupavit,

310 3363 432 3427 desmdi
453 3373 557 3448 puteti-

229 3470 279 3534 ⁶2.
296 3483 448 3550 pecuniam
473 3475 599 3530 Domitia
625 3503 666 3518 -··
693 3491 748 3530 non
775 3492 837 3530 esse
866 3475 1014 3531 redditam.
1052 3469 1214 3532 llutuorem

310 3577 422 3640 talanat
440 3577 530 3639 tuisse
549 3577 659 3639 scimus
679 3597 695 3637 e
715 3575 796 3638 Caes.
816 3575 850 3638 tt.
867 3575 900 3636 G.
917 3575 944 3648 1,
966 3575 1023 3638 23:
1044 3581 1213 3636 Sestertium

313 3694 461 3762 sexagies,
488 3687 566 3762 quod
589 3687 745 3748 adnatat
769 3687 911 3744 Domitius
940 3699 1026 3762 atque
1053 3683 1083 3741 in
1098 3683 1214 3761 publico

310 3793 498 3868 deputarat,
520 3795 640 3850 attatum
660 3793 702 3849 ati
719 3811 750 3848 se
769 3789 805 3849 ab
821 3793 975 3848 dutunoiris
994 3787 1213 3866 Corfiniensibus

310 3895 437 3952 Domitio
459 3897 568 3967 reddit,
590 3917 628 3955 ne
647 3903 834 3955 continentior
846 3903 877 3953 in
891 3903 949 3953 rita
961 3896 1113 3968 inntwn,
1126 3915 1213 3974 quam

310 4011 341 4060 in
355 4011 480 4079 munis
494 3999 588 4077 fuisse
609 4007 758 4073 rideatur,
785 4011 841 4060 etsi
864 4023 929 4060 eam
946 4012 1096 4080 pecuniane
1113 4003 1214 4082 pubii-
1263 4031 1271 4038 ·
1297 4007 1301 4016 '

310 4127 372 4166 earn
393 4125 455 4166 esse
474 4107 621 4168 cannabus
641 4107 795 4187 datamque
808 4129 826 4164 a
839 4111 973 4188 Pompeio
984 4119 1015 4169 tn
1029 4113 1213 4189 stipendium.
