2862 4894
777 325 819 386 62

306 539 376 582 osor
395 505 422 588 ¹.
452 509 570 578 Caroea
603 506 685 598 apud
716 505 885 598 Spartanos
910 499 939 576 ²:
978 507 1046 596 ipsa
1069 504 1154 574 adeo
1188 508 1318 597 Olym·

305 628 447 717 picorum
466 623 614 690 ludorum
634 623 820 700 instauratio
840 621 956 711 lphito,
975 633 1116 711 tempore
1129 620 1315 689 bellorum

304 757 336 808 et
353 735 576 807 'calamitatum
604 738 806 828 publicarum
831 739 931 805 llaum
960 733 1156 826 llelphioum
1186 759 1316 802 eonsu-

305 855 403 935 lenti,
437 854 478 919 ab
506 854 632 920 oraculo
658 852 932 943 praescribebatur
951 843 976 920 ³.
1021 851 1127 940 Longe
1155 852 1317 942 plurima

306 991 379 1032 sero
404 968 480 1033 festa
511 968 543 1033 in
571 969 753 1034 memoriam
787 965 836 1032 rel
863 977 1039 1055 reportatae
1068 967 1318 1035 victoriaerel

307 1073 382 1147 lao'ti
395 1080 556 1170 eujusdam
565 1078 776 1147 memot'abilis
785 1079 966 1168 agebantur,
977 1071 1204 1167 eujt'ssq'ed'dris
1213 1069 1315 1171 plura

305 1194 703 1274 enumerat'l'lutarehus,
734 1194 775 1261 de
800 1195 885 1262 Glor.
918 1193 1033 1261 htben.
1067 1188 1137 1261 7⁴.
1181 1195 1315 1263 Omnes

305 1334 399 1401 porro
415 1311 538 1400 antiqui
546 1333 672 1399 agones,
684 1322 717 1376 ut
732 1309 855 1376 disertio
872 1309 972 1385 serbis
989 1323 1120 1378 testatur
1129 1306 1311 1380 Scholias-

307 1441 352 1494 tes
371 1424 516 1508 Pindari,
543 1427 575 1490 in
594 1426 776 1492 memoriam
794 1437 989 1490 mortuorum
1009 1425 1189 1514 agebantur
1214 1426 1251 1492 ⁵.·

315 1579 319 1584 -
351 1537 434 1605 liaeo
450 1540 549 1627 igitur
568 1539 608 1605 de
625 1537 774 1604 festorum
789 1539 990 1628 publicorum
1007 1539 1127 1626 origine
1144 1541 1307 1608 universe

306 1653 396 1718 nobis
414 1653 581 1722 sufficiant.
628 1651 754 1720 Praeter
776 1651 855 1719 haee
876 1655 959 1720 enim
983 1653 1082 1719 multa
1105 1652 1236 1742 privata
1269 1667 1304 1720 et

305 1767 474 1834 domestica
498 1767 656 1836 oelsbrare
684 1767 829 1835 solebant·
848 1767 926 1834 lesta
947 1780 979 1832 et
1001 1787 1106 1844 saera,
1132 1767 1304 1856 imprimis

306 1879 525 1962 Athenienses,
574 1881 827 1971 omnitempore
853 1879 985 1971 propter
1025 1879 1304 1968 δεισιδαιμονίαν
1403 1867 1404 1896 ³

304 2009 337 2061 et
356 1995 620 2084 religiosissimum
637 1995 774 2064 Deorum
796 1994 917 2060 outtum
937 1994 1100 2082 oonspioui
1124 1990 1158 2072 ⁸,
1199 2017 1303 2084 quaro

306 2110 481 2200 Xenophon
495 2131 546 2177 eos
559 2109 657 2200 duplo
672 2110 762 2200 plura
787 2131 881 2199 quam
897 2122 1026 2175 cunetas
1043 2109 1181 2198 reliquas
1196 2109 1300 2176 Grae-

284 2223 372 2288 ⁴oiae
404 2225 545 2290 eisitates
570 2225 653 2290 »festa
694 2224 853 2290 celebrare
889 2223 967 2288 dieit
997 2216 1028 2301 7;
1060 2236 1092 2287 et
1128 2223 1223 2312 quasi
1261 2245 1301 2288 ne

307 2338 411 2402 omnia
430 2335 508 2403 haee
530 2337 659 2426 quidem
681 2337 880 2416 sufficerent,
905 2349 1065 2426 praeterea
1084 2341 1230 2426 ἐπὶβὸας
1259 2341 1299 2403 iis

307 2449 482 2533 addebant,
516 2451 632 2538 quibus
654 2451 733 2517 cibis
757 2465 788 2516 et
811 2465 887 2542 potu
908 2453 1050 2541 priorum
1069 2450 1195 2518 dierum
1220 2465 1298 2519 ute-

306 2565 420 2630 bantur
445 2555 481 2642 ⁸,
522 2587 620 2654 quum
645 2566 772 2654 insuper
798 2565 928 2655 plurimi
952 2564 1018 2632 dies
1040 2565 1135 2632 oertis
1158 2565 1222 2632 diis
1244 2559 1295 2632 es-

306 2691 373 2743 sent
398 2680 588 2758 consecrati,
623 2693 657 2745 ut
682 2686 863 2768 νουμηνία,
886 2681 1037 2770 septimus
1064 2681 1200 2770 quisque
1227 2681 1297 2748 dies

317 2797 437 2806 ..ι-

341 2855 363 2916 ¹)
382 2854 460 2902 Sehol.
475 2853 591 2917 thasoph
611 2854 686 2918 ttqur.
705 2851 757 2905 729
773 2865 796 2904 et
815 2855 875 2903 Plut.
895 2839 974 2904 105t.

340 2947 363 3009 ²)
382 2947 459 2996 Schol.
474 2945 573 2997 Theoer.
596 2947 623 2998 V.
638 2943 685 2997 83.
938 2944 940 2953 ⁴

337 3038 484 3104 Μανία,
500 3039 527 3088 l.
547 3043 572 3091 ί.
589 3043 613 3091 d.
627 3035 759 3094 Chauon.
777 3043 890 3105 spnd·da
915 3043 990 3108 Vall,
1012 3043 1041 3092 tle
1065 3043 1228 3092 sanilidorum
1252 3059 1292 3091 ex·
1403 3039 1404 3058 ¹

304 3133 451 3196 pistodtm
464 3132 550 3198 oriqina
566 3143 590 3184 et
613 3135 704 3198 oeulis,
716 3133 824 3184 warine
840 3153 863 3198 p.
880 3133 916 3184 23
932 3151 984 3202 sqq.
1000 3145 1024 3186 et
1040 3131 1075 3186 88
1088 3147 1181 3202 sqq.,at
1198 3129 1295 3186 weshl-

306 3227 387 3291 mutls,
403 3229 420 3278 l.
435 3228 454 3278 l.
473 3228 500 3278 l.
515 3230 548 3278 ll.
563 3247 587 3293 p.
604 3227 663 3283 571.
715 3252 736 3300 ,¹

340 3322 361 3388 1)
378 3323 412 3372 (Ii.
430 3322 480 3371 Non
493 3337 557 3384 posse
571 3339 636 3374 suar.
653 3321 700 3372 riri
712 3337 757 3375 sao.
772 3325 864 3388 Bpiour.
885 3311 943 3383 184
954 3323 1070 3390 lleaqals„
1084 3325 1152 3375 soit.
1173 3336 1196 3374 et
1207 3328 1283 3390 Etym-
1403 3367 1404 3384 ,

305 3417 340 3465 ll.
357 3434 384 3466 r.
402 3416 540 3484 χαλκεΐας
558 3417 663 3466 nusum.
676 3418 706 3467 ad
722 3419 789 3470 lliad.
808 3421 844 3468 ll.
861 3416 925 3468 552.
946 3419 977 3468 l.
996 3421 1016 3469 l.
1031 3438 1054 3482 p.
1067 3417 1129 3483 2³0,
1143 3417 1185 3472 35.
1205 3419 1287 3470 Solsol.
1403 3443 1404 3470 t

307 3510 422 3576 hristopls.
441 3511 540 3562 hohern.
556 3509 616 3560 961.
890 3511 893 3519 ’
1088 3509 1089 3516 “
1403 3499 1404 3526 ¹

339 3602 364 3666 ⁵)
380 3604 474 3652 Pindar.
495 3604 577 3652 lsthm.
598 3604 653 3652 init.
673 3605 717 3654 Ch.
739 3605 825 3670 lquin.
848 3605 925 3654 tabat.
947 3604 997 3656 170
1017 3615 1041 3656 at
1066 3603 1132 3664 ²732
1150 3607 1286 3656 'l'ertulliam
1403 3631 1404 3648 t

307 3695 336 3744 de
353 3706 456 3758 speotm.
477 3695 507 3744 ll
528 3714 567 3760 sq.

340 3789 362 3853 θ)
380 3789 420 3838 Cff.
443 3793 499 3837 dots
518 3791 617 3852 lpostol.
636 3790 677 3838 l'l.
698 3787 745 3840 22:
770 3793 886 3854 Aristoph.
908 3793 959 3841 llub
982 3790 1032 3842 302
1054 3810 1104 3858 sqq.
1119 3794 1197 3858 ibique
1213 3791 1289 3840 Sohol.

339 3883 362 3949 ⁷)
381 3885 413 3934 tte
431 3885 513 3933 ltbsn.
533 3885 588 3948 llep.
605 3886 647 3932 lll.
666 3883 683 3931 2
701 3894 723 3932 et
740 3882 763 3934 8.
783 3887 823 3934 (ld.
842 3887 956 3937 Plutarch.
975 3889 1028 3951 [γε.
1056 3885 1102 3944 3ος
1128 3887 1217 3936 llasirr.
1232 3886 1285 3949 Tyr.

307 3979 397 4028 Dissert.
417 3980 451 4028 lll
469 3979 517 4034 ttae
538 3979 623 4028 lustin.
642 3979 679 4026 tt.
697 3976 724 4026 9.

343 4073 365 4132 θ)
382 4074 466 4121 'limari
485 4074 538 4125 [οι.
559 4092 578 4122 s.
599 4091 620 4121 r.
639 4073 716 4134 ibique
730 4073 852 4124 llultnkrtt.
