2772 4902
729 353 770 416 68

252 534 363 602 Laeta
384 536 467 602 enim
493 537 646 626 imprimis
666 538 814 604 lectorum
835 535 1024 603 Graecorum
1052 549 1119 601 erat
1139 531 1245 602 indo-

254 649 317 732 les,
346 648 428 716 unde
452 647 642 738 Hesychius,
667 675 696 716 r.
720 657 919 741 χαρμόσυνα·Ὶ
945 657 1056 738 ἑορταὶ
1078 654 1244 738 Ἀθήνῃ·

254 791 320 835 osa.
368 763 563 830 paucissimis
582 767 736 854 exceptis,
768 787 848 855 quae
871 764 937 831 lore
960 765 1155 854 peregrinam
1178 763 1244 830 de·

254 879 375 944 clarant
411 879 580 968 originem,
614 892 649 946 ut
681 878 820 958 Adonin,
856 887 1007 970 ἐπαχθὴς
1028 886 1121 967 ἑορτὴ
1146 876 1242 967 apud

254 992 386 1060 Boeotos
414 985 452 1074 ¹,
484 999 617 1083 νηστεία
646 994 677 1058 in
705 991 988 1084 Thesmnpb‘oriis',¹
1019 1015 1114 1083 quam
1146 991 1243 1058 idem

255 1107 442 1174 Plutarchus
475 1130 511 1174 ex
535 1111 676 1198 Aegypto
699 1109 813 1198 repetit
841 1099 866 1189 ²,
892 1105 1008 1174 -sed
1037 1105 1244 1197 paucissimis

255 1222 391 1310 exceptis
417 1221 520 1287 omnia
549 1244 657 1288 eorum
691 1221 765 1288 leata
796 1221 915 1289 laetitia
942 1225 1031 1288 erant
1055 1221 1164 1310 plena:
1207 1231 1245 1284 ut

257 1337 340 1425 ipsos
355 1333 429 1402 deos
454 1333 596 1402 hilariter
623 1338 820 1404 comitantes
839 1349 872 1403 et
893 1334 1028 1402 ridentes
1054 1333 1114 1400 sibi
1135 1333 1246 1399 infor·

256 1449 403 1529 mahaut,
426 1449 471 1516 sic
497 1451 557 1539 ipsi
582 1471 707 1540 qnoque
731 1451 843 1518 Graeci
861 1451 893 1516 in
912 1449 998 1516 lestis
1018 1469 1127 1515 eorum
1146 1449 1242 1514 omni

255 1560 407 1629 hilaritati
426 1577 457 1630 et
477 1563 612 1630 lactitiae
631 1564 833 1654 indulgebant
849 1555 875 1634 ⁸.
921 1563 1039 1630 Musica
1056 1583 1184 1652 semper
1208 1563 1244 1628 in

256 1677 295 1742 iis
327 1676 532 1744 audiebatur:
568 1677 655 1743 nulla
682 1680 793 1764 τελετὴ
819 1681 940 1768 ἀρχαία
966 1677 1032 1743 aine
1055 1673 1244 1752 saltatione;

256 1791 289 1856 in
308 1789 464 1879 Dionysiia
488 1793 591 1858 omnia
614 1803 702 1857 eruut
721 1798 863 1882 ὄρχησις·
888 1791 921 1856 iu
941 1789 1039 1856 insula
1057 1787 1135 1856 llelo
1156 1787 1244 1856 adeo

254 1927 295 1971 nn
310 1906 462 1972 sacrificia
486 1904 613 1996 quidem
634 1905 696 1972 ulla
715 1907 781 1973 sins
803 1906 965 1973 saltatione
986 1917 1019 1972 et
1038 1904 1157 1972 musica
1184 1905 1244 1970 lie·

256 2018 332 2086 hant
355 2019 393 2100 ⁴,
417 2036 449 2085 et
474 2034 631 2110 tamquam
653 2019 855 2088 memorabile
876 2017 954 2109 quid
976 2020 1016 2084 ab
1041 2017 1242 2109 Apollodoro

256 2154 349 2198 cansa
372 2129 519 2214 affertur,
551 2156 648 2223 qnare
668 2135 763 2200 etiam
796 2145 871 2200 tunc
893 2132 924 2198 in
945 2133 1025 2200 Paro
1048 2131 1113 2198 aine
1146 2132 1241 2198 tibiis

255 2259 288 2313 et
311 2248 434 2313 coronis
461 2247 610 2314 sucrificia
641 2245 755 2314 Gratiis
792 2247 901 2314 herent
937 2241 959 2312 ⁵.
1005 2247 1112 2336 Ipsum
1136 2243 1241 2312 Ghori

256 2383 392 2440 nomen,
429 2363 483 2450 qui
513 2375 610 2428 tantas
635 2364 666 2427 in
697 2363 783 2428 lestis
806 2361 917 2452 implet
938 2375 1059 2452 partes,
1092 2367 1242 2450 apciora

255 2473 414 2542 deriratur
431 2475 460 2540 ⁸l
496 2475 588 2564 dpud
604 2473 769 2565 Spartanos
783 2489 899 2556 autem,
916 2489 948 2542 et
964 2476 1044 2564 ipsos
1057 2474 1243 2542 bellicosiu-

257 2611 323 2666 res,
353 2591 417 2678 ipse
442 2589 554 2656 chorus
576 2590 708 2656 similem
729 2589 800 2656 ideo
825 2589 979 2656 referebat
1002 2587 1240 2667 characterem,

258 2705 378 2792 quippe
400 2712 588 2796 ἐμβατήριοι
619 2712 740 2793 ῥυθμοὶ
762 2727 825 2770 non
844 2705 946 2770 minua
970 2704 1002 2768 in
1026 2701 1122 2769 choro
1137 2725 1239 2794 quam

257 2819 288 2882 in
322 2819 404 2884 bello
434 2818 628 2884 habebantur
661 2817 717 2884 ⁷„
748 2817 864 2886 Caroea
892 2831 958 2883 erat
993 2817 1103 2886 lectum
1142 2817 1240 2907 plane

257 2933 391 2998 militare
415 2924 449 2999 ⁸:
477 2935 507 2996 in
528 2935 803 3018 γυμνοπαιδιαῖς,
829 2919 1039 3020 Hyacinthiis,
1065 2931 1131 2996 aliis
1150 2931 1240 2997 lestis

262 3125 414 3136 υ-ι--ωῃο

305 3273 327 3336 1)
349 3273 503 3323 ernnust..
523 3273 621 3323 atbair.
642 3272 689 3323 69.

291 3365 314 3430 1)
330 3367 368 3416 ff.
382 3367 523 3427 Wilkiuson,
545 3370 650 3416 Hennam
668 3367 714 3416 aad
734 3368 834 3418 Gustum
849 3370 875 3418 ol
890 3370 927 3416 the
942 3369 1032 3418 ancient
1050 3369 1183 3436 Egyptians,
1207 3373 1234 3419 V.

255 3461 288 3512 Π.
306 3479 332 3524 p.
349 3459 450 3526 32317).

290 3551 659 3619 ³)ct.ttaarsn‚1.1.p.8³.

290 3646 313 3712 1)
332 3648 427 3698 hunian-
442 3650 470 3698 da
486 3649 572 3700 Saltat.
589 3649 637 3711 1⁵,
657 3649 705 3712 16,
722 3648 770 3706 22ς
786 3651 848 3700 Plato
860 3649 961 3714 raupa.
978 3667 1003 3712 p.
1017 3647 1109 3708 untur
1128 3651 1233 3713 llam,

256 3741 355 3804 t.t.p.
374 3740 424 3791 478
443 3761 481 3807 aq.
930 3755 936 3774 ¹

289 3835 316 3901 1)
331 3835 440 3900 Apollod.
456 3836 500 3884 ΙΙΙ.
521 3835 565 3886 15.
588 3836 617 3885 7.

289 3929 313 3994 1)
333 3930 434 3994 lltynrol.
458 3929 524 3979 uod.
543 3948 566 3979 ι.
587 3946 626 3983 ’.ε
642 3930 705 3978 Plato
719 3929 748 3978 da
768 3931 839 3994 baffi.
864 3931 893 3978 ll.
913 3949 938 3994 p.
952 3928 1016 3980 6⁵4.

289 4021 314 4087 1)
329 4024 395 4073 mor.
416 4025 493 4080 luatit.
515 4025 601 4072 [acon.
624 4021 669 4073 lu.

289 4117 316 4177 1)
334 4117 420 4167 Athon.
441 4117 482 4164 ll.
503 4114 550 4178 193
568 4117 672 4168 hastath.
691 4117 715 4166 in
733 4117 800 4168 iliad.
821 4117 852 4175 d)
869 4119 912 4170 lin.
