2862 4894
762 313 803 375 52

292 499 830 595 gneroeemerereiurumeiumrit.
850 492 1050 564 Hihi¹enim
1066 495 1203 586 popuiuo
1215 495 1268 564 uo

293 641 401 685 munus
410 617 568 683 uniuersus
577 616 628 682 ilie
636 616 667 681 in
680 617 831 682 concione
844 635 906 680 non
916 613 1009 678 unius
1021 612 1083 679 diei
1094 612 1281 700 gratulatio-

293 755 375 809 nem,
386 729 435 797 sed
450 731 669 797 aeternitatem
685 728 1018 816 immortalitatemque
1026 725 1164 805 donarit,
1180 748 1280 816 quum

291 869 394 913 meum
412 845 625 911 iusiurandum
645 843 706 909 teie
724 855 820 932 utque
835 854 974 918 tontum,
987 842 1107 906 iuratus
1120 841 1204 930 ipse,
1216 861 1279 905 une

291 983 366 1025 voce
378 958 773 1048 etoonsensuepprobnrit.
790 957 861 1043 Quo
870 955 998 1044 quidem
1009 954 1280 1044 temporeiomeur

290 1075 419 1138 domum
447 1073 508 1138 fuit
535 1096 554 1137 e
581 1075 649 1137 foro
673 1071 809 1151 reditus,
835 1083 871 1136 ut
899 1091 1013 1150 nemo,
1043 1068 1102 1133 nisi
1130 1069 1185 1158 qui
1207 1088 1281 1133 me-

292 1210 365 1254 oum
389 1199 480 1266 esset,
500 1187 616 1251 oinium
633 1209 699 1252 erse
722 1187 904 1250 innumero
927 1184 1099 1250 rideretur.

338 1301 412 1368 131.
428 1299 564 1388 Exposui
582 1300 718 1365 breviter
731 1295 934 1364 Consulatum
958 1317 1073 1364 meum.
1098 1294 1159 1382 Qui
1177 1294 1218 1360 itu
1232 1305 1280 1358 ent

290 1437 381 1480 erne
404 1427 569 1502 pernotus,
601 1425 636 1478 ut
668 1411 746 1476 nihii
770 1411 836 1476 sine
859 1411 992 1476 oonsilio
1020 1421 1163 1488 renatus,
1196 1407 1279 1475 nihil

290 1549 351 1591 non
369 1524 565 1614 approbante
587 1523 705 1614 populo
728 1523 871 1592 Romano
894 1523 1025 1613 egerim
1049 1535 1085 1588 ut
1100 1545 1224 1612 semper
1245 1523 1278 1587 in

290 1639 411 1706 Rostris
441 1639 584 1717 curium,
622 1639 655 1703 in
683 1651 792 1704 senutu
817 1637 970 1726 populum
1000 1636 1215 1732 deienderim;
1242 1647 1278 1702 ut

290 1753 525 1820 multitudinem
562 1775 633 1820 eum
668 1752 885 1842 principibus,
922 1763 1098 1841 equestrem
1134 1748 1277 1816 ordinem
1404 1793 1405 1848 p

290 1891 361 1938 eum
380 1880 490 1934 senatu
510 1867 745 1934 coniunxerim:
766 1889 862 1955 quem
879 1866 894 1906 ²
912 1866 1168 1932 coniunctionem
1192 1863 1217 1928 si
1252 1864 1284 1930 in

291 1983 455 2050 eonsuietn
483 1984 699 2050 onniirmntnm
724 2005 794 2047 meo
818 1995 1005 2072 perpetuom
1029 1981 1060 2046 in
1085 2003 1120 2046 re
1148 1977 1281 2067 publiea

293 2111 487 2175 teneremus,
525 2097 708 2162 confirmari
736 2096 950 2175 senatoribus,
995 2094 1119 2161 nullum
1146 2091 1279 2182 posthae

291 2209 409 2278 melum
436 2209 528 2276 uirile
559 2232 595 2276 ue
626 2209 833 2277 domesticum
862 2209 900 2303 ed
933 2209 1028 2276 ulium
1061 2210 1106 2274 rei
1131 2206 1280 2298 p'ubiioue

291 2339 411 2415 purtem
436 2346 501 2392 esse
523 2336 700 2393 uenturum.

338 2531 485 2618 XXXIV.
531 2555 602 2618 132.
645 2552 912 2620 Gornmentorium
944 2552 958 2592 ³
997 2551 1176 2622 consuletur
1214 2553 1279 2620 mni

293 2663 411 2732 Grueee
434 2667 642 2756 compositum
664 2667 736 2758 ruisi
754 2665 792 2732 nd
818 2667 982 2747 Atticum,
1006 2689 1099 2757 quem
1119 2667 1278 2756 ‘rogem

294 2793 342 2857 ut,
366 2781 390 2843 si
410 2779 549 2868 piuoeret
570 2779 672 2861 liber,
697 2794 840 2859 cureret,
865 2793 900 2848 ut
934 2793 965 2846 et
989 2780 1122 2848 Athenio
1143 2794 1223 2848 esset
1247 2795 1280 2848 et

292 2891 325 2956 in
361 2894 472 2958 ceteris
506 2893 630 2984 oppidis
668 2895 831 2962 Groeoine.
889 2891 983 2962 sed⁵
1012 2896 1037 2960 is
1061 2895 1140 2961 mihi
1171 2895 1279 2963 iiterer

291 3018 323 3072 et
347 3004 615 3076 Commentarium
639 3010 818 3076 eonsuintus
851 3009 913 3076 mei
947 3010 1066 3078 Grreee
1103 3033 1176 3078 nse
1199 3011 1278 3078 reri-

293 3132 383 3208 ptum
407 3119 554 3189 reddidit
578 3124 615 3190 in
639 3147 701 3213 quo
715 3125 846 3190 laetatus
865 3145 933 3190 oum
957 3147 1008 3192 me
1027 3124 1189 3214 eliquanto
1202 3136 1277 3191 unte
1404 3197 1405 3214 p

293 3234 332 3300 de
356 3232 467 3302 iisdem
489 3236 581 3300 rebus
606 3233 724 3302 Grneee
748 3237 822 3302 item
840 3237 993 3326 seriptum
1011 3236 1127 3304 librum
1144 3234 1181 3305 1..
1203 3233 1279 3304 Cor-
1404 3215 1405 3300 i

293 3347 373 3413 siuio
410 3347 449 3414 ud
485 3371 557 3414 eum
592 3349 812 3438 perferendum
837 3350 971 3416 dedisse.
1033 3349 1134 3431 Num,
1167 3354 1194 3418 ri
1216 3373 1276 3439 ego

293 3461 389 3550 ipsius
421 3462 536 3528 librum
560 3477 632 3531 unte
656 3465 818 3554 legissem,
843 3465 982 3532 iuratum
1016 3488 1066 3531 me
1097 3487 1113 3529 e
1149 3487 1180 3530 se
1210 3485 1276 3532 ense

291 3575 423 3644 diceret.
473 3579 669 3668 Quemquam
701 3577 801 3646 Attici
824 3578 878 3646 iiie
901 3613 945 3630 -·
971 3579 1032 3667 legi
1065 3579 1149 3644 enirn
1173 3577 1277 3644 iiben·
1404 3589 1405 3656 t

295 3703 341 3756 ter
365 3729 407 3746 -
431 3689 594 3759 horridulo
617 3691 695 3758 mihi
718 3705 812 3781 etque
837 3693 997 3784 incompte
1023 3694 1085 3759 risu
1112 3707 1196 3771 sont3
1221 3689 1274 3758 sed

329 3977 354 4041 ι)
371 3979 395 4026 rr
415 3977 488 4026 rma.
506 3994 526 4026 ο.
552 3977 576 4026 3.
593 3979 607 4044 p
623 3977 648 4030 τ,
666 4004 699 4018 -.
717 3977 740 4044 η
765 3980 895 4032 unum
913 3981 955 4032 rt.
972 3981 986 4046 o
1004 3978 1028 4030 7.
1045 3981 1059 4046 p
1077 3977 1118 4028 15.
1143 4003 1176 4014 -
1205 3976 1228 4042 ε)
1245 3973 1274 4022 ru

294 4073 340 4121 ro.
361 4069 383 4120 1.
404 4069 443 4118 ro.
461 4071 474 4136 u
494 4070 531 4121 ro.
551 4098 582 4109 -
601 4073 624 4134 r)
644 4071 671 4120 u
688 4075 733 4122 ru.
749 4071 791 4122 rr.
810 4073 835 4124 r.
852 4075 866 4139 u
882 4073 906 4125 2.
926 4103 957 4110 -
971 4074 995 4135 ε)
1017 4074 1072 4124 rur.
1090 4074 1103 4137 r
1124 4071 1145 4120 ι.
