2862 4894
745 337 789 411 ‘18

283 549 353 603 tum
366 532 523 602 indicibus
535 545 631 624 atque
642 533 770 614 sicariis,
783 533 926 600 inlletnm
937 553 1034 623 quum
1042 553 1096 622 spe
1107 532 1259 618 militum,

284 665 353 719 tum
365 650 504 739 collegae
518 651 592 729 mei,
611 647 875 740 quemadmodum
892 648 1018 716 dicebat
1035 651 1115 738 ipse,
1129 650 1262 739 promis-

284 769 337 847 sis,
362 767 637 832 circumfluentem
653 767 838 832 colonorum
853 765 1070 830 Arretinorum
1084 776 1115 830 et
1128 763 1262 830 Fesula-

283 904 396 948 netum
412 882 569 962 ereroitu;
583 903 677 971 quam
690 881 829 962 turbam,
843 879 1050 946 dissimillimo
1072 901 1108 945 ex
1130 901 1262 968 genere,

282 995 517 1086 distinguebant
532 994 676 1064 homines
687 997 821 1087 perculsi
834 995 955 1062 Sullani
971 995 1120 1084 temporis
1132 995 1263 1062 celemi-

283 1123 359 1180 tate.
383 1111 497 1176 Vultus
516 1123 582 1178 erat
599 1111 962 1202 ipsiusplenualuroris;
989 1109 1090 1191 oculi,
1115 1110 1260 1178 sceleris:

283 1249 403 1306 sermo,
427 1229 643 1317 arrogantiae:
666 1227 711 1294 rie
727 1239 762 1292 ut
781 1227 811 1293 ei
832 1227 894 1293 inm
919 1225 1098 1315 exploratus
1120 1240 1152 1293 et
1176 1225 1263 1292 domi

283 1341 429 1407 conditus
444 1341 623 1408 consulatus
644 1341 812 1408 rideretur.
838 1344 894 1407 40.
910 1341 1023 1408 Omnia
1040 1338 1052 1380 ¹
1073 1353 1179 1421 norat,
1197 1363 1265 1406 om·

281 1457 370 1521 nium
388 1455 489 1522 aditus
501 1456 649 1526 tenebat:
664 1457 834 1546 appellare,
848 1441 1161 1539 tentare,⁴sollioitare
1173 1466 1264 1545 pote·

281 1583 341 1648 ret,
363 1571 517 1638 audebat:
540 1583 606 1638 etet
619 1572 647 1636 ei
665 1571 828 1636 eonsilium
848 1567 886 1636 nd
907 1571 1027 1636 facinus
1050 1583 1265 1660 aptum2con·

282 1685 350 1750 silio
371 1698 476 1752 nutem
496 1709 598 1775 neque
613 1686 731 1774 lingna,
755 1705 857 1775 neque
876 1707 986 1750 manns
1004 1683 1121 1755 deerat.
1145 1683 1264 1751 lnmad

280 1813 380 1867 certes
403 1820 451 1865 res
472 1798 681 1867 conficiendas
702 1811 803 1866 certos
818 1799 961 1866 homines
988 1797 1124 1865 delectos
1145 1822 1181 1864 ec
1202 1798 1264 1864 de-

280 1915 411 2005 scriptos
427 1913 576 1985 habebnt.
610 1913 720 2005 Neque
746 1935 841 1995 vero,
868 1937 967 2003 quum
990 1913 1111 2004 aliquid
1134 1913 1264 1979 manda·

279 2042 381 2108 uerat,
414 2029 593 2095 conlectum
606 2030 748 2119 putabat.
785 2027 979 2110 Nilidem,
1005 2027 1091 2118 quod
1115 2051 1177 2094 non
1198 2029 1265 2117 ipse

281 2143 401 2223 obiret,
427 2157 629 2225 occurreret,
654 2143 805 2233 vigilaret,
832 2142 997 2208 laboraret:
1020 2143 1137 2231 frigus,
1160 2143 1263 2222 sitim,

280 2259 394 2326 latueru
410 2257 489 2324 lerre
506 2269 644 2347 poterat.
694 2261 747 2326 41.
772 2257 877 2348 Atque
895 2255 909 2296 ²
927 2269 963 2323 ut
984 2257 1051 2323 eius
1067 2257 1186 2322 diteraa
1199 2267 1265 2321 stn-

278 2371 331 2437 dia
357 2373 389 2437 in
417 2371 561 2438 dissimili
584 2371 705 2438 ratione
724 2373 902 2462 perspicere
918 2371 1060 2462 possitia;
1088 2393 1179 2438 nemo
1198 2382 1265 2436 erat

280 2487 315 2553 in
338 2485 414 2553 ludo
438 2487 622 2577 gladiatorio
648 2487 754 2577 paullo
780 2486 819 2552 ad
852 2488 974 2554 lucinus
1005 2485 1173 2566 audacior,
1208 2484 1266 2574 qui

280 2625 312 2668 se
334 2625 395 2668 non
415 2603 562 2670 intimum
580 2599 735 2669 Catilinae
747 2625 811 2670 esse
828 2605 997 2670 fateretur:
1023 2623 1115 2668 nemo
1125 2603 1157 2666 in
1173 2621 1266 2666 scene

279 2716 378 2783 letior
397 2729 429 2784 et
452 2717 602 2807 nequior,
627 2716 683 2806 qui
708 2739 741 2784 se
763 2741 825 2783 non
845 2716 985 2785 eiusdem
1011 2739 1111 2807 prope
1126 2714 1264 2781 sodalem

279 2833 373 2898 luisse
395 2841 669 2899 commemoraret.
716 2833 822 2922 Atque
837 2831 923 2900 idem
939 2844 1055 2912 tamen,
1083 2842 1266 2919 stuprorum

280 2955 312 3014 at
336 2945 488 3012 scelerum
507 2945 729 3013 exercitatione
743 2947 947 3023 assuefactus,
972 2947 1098 3035 frigore,
1118 2957 1151 3010 et
1168 2943 1264 3022 lame,

279 3071 312 3127 et
338 3059 407 3138 siti,
432 3081 468 3126 ec
493 3061 606 3150 vigiliis
627 3060 842 3151 perferendis,
872 3059 961 3126 lortla
983 3057 1023 3125 ab
1047 3059 1116 3126 istis
1142 3057 1267 3149 praedi-

280 3171 422 3254 cabatur,
448 3193 546 3263 quum
569 3173 740 3244 industriae
762 3175 913 3259 subsidia,
940 3189 1036 3266 atque
1058 3175 1263 3242 instrumenta

280 3287 425 3368 virtutis,
449 3287 482 3352 in
503 3285 636 3358 libidine
657 3290 850 3382 audaciaque
872 3301 1078 3358 consumeret.

324 3515 399 3584 ΧΠ.
423 3516 477 3581 42.
503 3515 642 3586 Tandem
659 3517 672 3559 ⁸
691 3519 753 3585 iam
781 3529 890 3608 aperte
909 3541 977 3584 rem
997 3515 1162 3607 publicam
1188 3515 1264 3580 uni-

278 3651 399 3697 versam
433 3633 545 3722 petiit:
582 3633 699 3724 templa
737 3633 867 3700 deorum
903 3631 1146 3710 immortalium,
1182 3642 1265 3698 tecta

277 3744 394 3828 Urbis,
419 3747 515 3814 ritum
534 3749 652 3816 civium
673 3747 834 3827 omniurn,
857 3747 977 3814 ltalium
999 3746 1135 3836 denique
1153 3759 1262 3827 totam,

286 3911 456 3927 —d

313 4007 337 4073 ι)
354 4007 379 4057 ι,
398 4006 490 4057 erun.
515 4009 559 4059 nr.
577 4023 599 4059 ι.
624 4006 649 4060 r.
672 4005 742 4074 erc.
758 4029 793 4044 -
810 4003 834 4073 ι)
850 4005 876 4056 u
890 4005 982 4059 urnis
1004 4009 1037 4060 u.
1058 4023 1079 4059 e.
1105 4006 1130 4060 s.
1151 4004 1205 4074 ee.
1229 4027 1265 4043 -

278 4099 302 4170 ι)
318 4101 342 4152 u
358 4101 449 4154 urnis.
467 4103 485 4152 t.
502 4119 522 4151 ο.
541 4101 566 4152 s.
583 4103 597 4170 o
613 4101 654 4152 tt.
689 4105 695 4118 ·
