2942 4902
661 403 698 463 ll

236 578 310 646 XV.
336 582 391 648 43.
414 581 481 648 Nos
506 583 512 620 ¹
537 585 643 676 igitur,
671 587 727 674 qui
751 583 889 675 puhlicis
911 585 1049 654 consiliis
1069 589 1168 658 nullis
1201 631 1208 642 ·

195 695 412 778 interes-amus,
424 714 505 780 totos
519 721 577 764 uos
588 700 629 765 ad
641 698 798 766 sorensem
814 725 947 791 operam
960 701 1168 796 laboremque

195 807 398 876 contulimus.
430 811 481 876 Ex
506 835 573 901 quo
580 863 590 894 ,
609 813 698 903 quod
722 812 813 880 facilc
836 813 970 907 intelligi
995 819 1107 906 possit,
1132 821 1167 884 in

192 920 292 988 multa
312 927 610 992 commemoratione
631 949 742 995 earum
761 949 884 1010 rerum,
904 953 984 1019 quas
1002 932 1168 1022 gessimus,

191 1035 412 1103 versabamur:
433 1041 617 1128 praesertim
637 1041 651 1082 ⁸
669 1063 773 1131 quum
796 1041 834 1106 L.
855 1041 962 1108 Flacci
985 1067 1034 1110 res
1053 1044 1169 1137 ageba·

191 1165 253 1216 tur.
280 1154 335 1216 44.
363 1152 470 1220 Huius
485 1155 501 1198 ³
517 1177 607 1220 amor
627 1155 661 1219 in
681 1157 816 1243 patriam
831 1156 911 1222 mihi
924 1155 1028 1223 fuerat
1040 1181 1171 1248 perspe-

191 1280 274 1330 ctus:
299 1267 358 1355 qui
375 1267 400 1348 ⁴,
421 1267 458 1333 iis
477 1264 614 1333 masiliis
620 1317 630 1350 ,
650 1266 771 1358 quibus
791 1291 919 1336 mecum
938 1271 974 1335 in
1000 1269 1172 1338 consulatu·

189 1401 260 1444 meo
281 1381 474 1446 coniunctus
495 1379 615 1446 lisitad
635 1383 885 1450 conservandam
905 1383 1168 1475 rempublicam,

190 1489 404 1584 dignissimus,
414 1493 739 1561 indicia³communis
748 1497 834 1562 exitii
845 1514 1027 1586 exceperat:
1048 1499 1173 1590 queml

191 1621 254 1671 tota
266 1608 376 1674 civitas
383 1607 649 1675 modestissimum
657 1605 896 1692 adolescentem,
908 1611 1089 1699 provinciae
1099 1637 1174 1679 ma-

191 1721 293 1786 rimae
308 1721 541 1788 sanctissimum
553 1723 671 1802 civem,
686 1723 786 1788 nostri
796 1724 950 1788 exercitus
963 1722 1172 1791 fortissimum¹

190 1832 341 1918 militem,
359 1833 635 1928 diligentissimum
658 1836 788 1916 ducem,
808 1839 1105 1925 temperatissimum
1122 1836 1174 1904 le-

189 1966 300 2042 gatum
319 1965 583 2040 quaestoremque
595 1965 828 2042 cognoverunt:
841 1971 939 2040 quem
955 1967 1082 2017 senatus
1092 1945 1170 2016 eou-

189 2064 419 2130 stantissimum
435 2080 629 2146 senatorem,
650 2061 858 2128 iustissimum
876 2079 1054 2152 praetorem
1073 2077 1174 2152 atque

191 2175 443 2244 amantissimum
453 2179 499 2244 rei
509 2175 658 2266 publicae
669 2178 771 2243 civem
780 2176 940 2243 iudicavit.
960 2179 1013 2241 45.
1026 2172 1133 2260 Quare
1144 2177 1169 2258 ⁷,

190 2287 295 2382 quum
317 2292 352 2356 in
369 2291 516 2356 maximis
529 2287 678 2379 periculis
690 2289 789 2356 huius
809 2288 899 2356 urbis
914 2305 1011 2379 atque
1026 2285 1169 2378 imperii,

190 2407 372 2506 gravissimo
397 2421 494 2496 atque
515 2402 714 2472 acerbissimo
737 2406 781 2472 rei
805 2402 954 2494 publicae
975 2427 1066 2485 casu,
1085 2399 1169 2470 socio

191 2534 287 2610 atque
313 2517 457 2584 adiutore
478 2515 685 2584 consiliorum
705 2515 987 2607 periculorumque
1005 2537 1168 2598 meorum,

190 2628 228 2696 L.
242 2629 370 2712 Flacco,
385 2629 515 2696 caedem
531 2654 549 2694 a
565 2627 699 2710 civibus,
720 2630 897 2696 vastitatem
913 2652 932 2693 a
947 2627 1090 2718 templis,
1112 2629 1171 2695 tle·

190 2741 303 2826 labris,
320 2741 524 2825 Urbe,1talia
542 2740 955 2833 depulissemrsperaveram
969 2739 1170 2829 honorispo-

191 2859 253 2924 tius
269 2857 309 2922 L.
330 2855 437 2924 Flacci
456 2879 508 2923 me
524 2855 704 2922 adiutorem
724 2853 891 2936 futurum,
909 2877 1010 2944 quam
1025 2853 1171 2920 miseria·

191 2995 265 3039 rum
280 2972 524 3062 deprecatorem.
548 2971 591 3037 Et
602 2971 627 3052 ⁸,
643 2972 668 3036 si
678 2986 757 3037 esset
771 2967 946 3060 aliquando
961 2969 1121 3052 futurum,
1133 2985 1171 3035 ut

191 3083 306 3176 aliquis
324 3085 365 3152 de
379 3085 417 3151 L.
428 3084 534 3152 Flacci
545 3085 686 3174 pernicie
698 3087 859 3178 cogitaret,
879 3079 1168 3176 nunquamtameu

192 3199 441 3265 existimaveram
461 3197 503 3265 D.
520 3197 684 3279 Laelium,
703 3199 817 3288 optimi
836 3200 897 3264 viri
914 3197 1036 3280 filium,
1051 3200 1171 3288 optima

192 3311 298 3402 ipsum
318 3335 372 3403 spe
390 3311 573 3403 praeditum
600 3332 742 3378 mammae
761 3311 940 3404 dignitatis,
969 3335 1039 3378 eam
1065 3304 1172 3378 susco-

191 3441 325 3514 pturum
338 3429 581 3507 accusationem,
591 3449 676 3516 quae
685 3423 909 3492 sceleratorum
928 3426 1048 3491 civium
1064 3425 1171 3511 petitu

192 3539 309 3607 odiost
326 3539 446 3624 furori,
462 3565 562 3632 quam
577 3541 677 3630 ipsius
685 3541 797 3606 virtuti
809 3555 906 3628 atque
920 3538 1082 3602 institutae
1094 3535 1172 3600 ado-

191 3648 356 3719 lescentiae
376 3655 570 3721 conveniret.
602 3653 655 3718 lss.
673 3649 939 3719 Vehementem⁹
958 3661 1172 3714 accusatorem

228 3826 251 3895 ¹)
268 3831 359 3880 adltt.
379 3829 414 3878 11.
434 3831 556 3898 πμ.
577 3827 651 3896 -¹)
670 3830 811 3894 proFlaeoo
829 3843 851 3878 o.
865 3821 1091 3892 stata-⁸)
1106 3825 1171 3876 lbid.

194 3923 340 3989 ΜΗ·
362 3921 693 3986 -⁸)io1>tson.e.ts.
725 3921 854 3988 §ta—
892 3917 915 3986 ⁵)
933 3933 977 3983 pro
996 3920 1122 3970 Flaccos.
1143 3919 1170 3966 2.

194 4016 286 4082 t&—
302 4013 327 4082 ⁸)
345 4018 411 4068 laid·
428 4034 452 4070 e.
473 4021 564 4086 ηε.
584 4017 727 4084 -urua
747 4034 770 4070 c.
794 4019 817 4068 1.
837 4017 851 4084 o
872 4011 977 4080 1.-.-⁸)
996 4013 1059 4064 tete.
1075 4009 1173 4077 §e-

193 4107 299 4175 urota
326 4127 349 4164 e.
372 4115 399 4162 s.
419 4115 433 4179 q
454 4115 496 4164 ss.
