2772 4902
646 319 771 410 ‚so

260 513 422 595 poetarum
453 505 596 572 Πλειάδι
627 503 776 592 adscripti
803 502 825 569 ¹.
874 501 950 568 Tana
983 503 1064 567 saria
1093 500 1248 567 doctrina

259 619 404 684 excelluit
437 617 610 706 Ephesius
644 619 836 696 Alexander,
869 631 903 681 ut
931 624 1064 706 Adxsos
1095 617 1249 705 aequales

258 757 329 800 eum
348 732 571 823 appellarer-int
589 743 611 796 ².
637 733 683 797 lle
696 756 729 798 re
747 732 948 822 grammatica
965 732 1056 819 pauci
1073 744 1134 796 tarn
1159 729 1251 796 bene

258 850 406 916 meruisse
422 849 565 913 seruntur
585 869 679 936 quarn
707 845 898 914 cessasses
912 845 1104 925 Alexander,
1135 843 1252 910 Ascle·

259 964 359 1052 piadis
391 964 429 1040 1.,
455 963 493 1029 M.
522 963 673 1028 Antonini
698 963 774 1052 Imp.
794 977 825 1028 et
846 962 912 1029 Ael.
938 960 1083 1028 Aristidis
1114 983 1248 1049 praece·

259 1092 347 1167 ptos,
372 1079 427 1166 qui
445 1084 519 1162 περὶ
532 1081 749 1164 παντοδαπῆς
767 1078 846 1164 ὕλης
866 1077 961 1140 libros
982 1077 1106 1164 scripsit
1119 1076 1201 1140 duos
1215 1089 1251 1140 et

259 1192 461 1280 quadraginta
490 1189 513 1256 ³.
551 1189 651 1256 Multo
672 1191 795 1256 acrioris
811 1193 937 1266 aetatis,
957 1191 1008 1255 sed
1027 1189 1155 1254 illustris
1178 1189 1247 1254 luis

260 1307 305 1370 rei
329 1306 468 1370 medicae
492 1307 625 1394 scriptor
649 1305 822 1370 Alexander
852 1303 1067 1370 Trallianus.
1116 1302 1248 1370 Memo-

261 1433 347 1485 ratur
368 1419 504 1508 denique
530 1420 707 1508 saepissime
729 1417 908 1486 Cornelius
930 1418 1121 1498 Alexander,
1147 1441 1251 1508 quem

236 1555 240 1564 ’
261 1547 390 1623 propter
407 1535 602 1622 antiquitatis
619 1534 761 1598 notitiam
777 1531 1025 1620 Polylss'slorem
1048 1531 1157 1610 rnulti,
1176 1534 1253 1620 qui·

262 1649 333 1714 darn
360 1647 559 1712 Historiam
584 1649 735 1714 vocabant
761 1647 793 1726 ⁴3
827 1661 1038 1714 memorantur
1069 1647 1251 1713 Alexander

262 1761 511 1840 Damascenus,
527 1759 697 1850 Epirota,
710 1759 931 1851 Lycopolito,
947 1761 1124 1839 Milesius,
1142 1761 1252 1848 Myrs-

262 1877 362 1954 ds‘us,
386 1876 557 1966 Paphius,
577 1876 727 1942 Thasius
756 1876 786 1956 ⁵,
811 1877 876 1956 alii,
901 1880 932 1942 in
957 1878 1071 1966 quibus
1094 1876 1253 1965 perpauci

262 1992 483 2070 inveniuntur,
501 2013 635 2080 quorum
657 2014 749 2080 opera
766 2013 827 2057 non
846 2015 971 2081 prorsus
989 1991 1078 2058 nobis
1095 1989 1251 2058 insiderit

263 2119 356 2171 aetas.
407 2103 591 2172 Ceterorum
612 2106 636 2171 si
658 2107 832 2194 fragmenta
851 2108 1036 2196 inspexeris,
1059 2108 1106 2172 vir
1130 2106 1250 2171 rideris

263 2219 448 2305 farraginem
473 2219 636 2284 maiorem.
676 2220 800 2309 Quippe
823 2221 957 2286 essolet
981 2243 1045 2286 esse
1064 2219 1250 2286 scholiasta·

262 2354 350 2411 rum,
380 2333 675 2420 grammaticorum,
701 2333 835 2400 alioruin
866 2335 961 2400 etiarn
985 2334 1175 2423 scriptorum
1196 2335 1248 2398 in·

262 2446 369 2526 curia,
395 2459 429 2511 ut
458 2448 532 2514 satis
556 2447 691 2516 habeant
721 2447 955 2514 Alescssdrum
981 2447 1151 2514 laudavisse
1190 2469 1250 2512 au·

262 2572 401 2638 ctorem,
425 2560 539 2636 addere
564 2576 651 2630 notas
678 2565 827 2630 certiores
843 2577 874 2630 et
892 2562 1008 2628 indicia
1030 2561 1163 2628 clariora
1188 2584 1248 2627 ue-

260 2705 402 2715 ——-..-

294 2772 317 2835 1)
344 2775 376 2822 tle
402 2774 447 2821 hoc
471 2775 575 2837 legantur
599 2793 658 2848 quse
676 2786 724 2838 post
744 2777 852 2825 Nsalsiusn
872 2779 962 2842 Optare.
990 2777 1009 2826 1.
1034 2788 1060 2838 p3
1080 2774 1110 2823 11
1131 2792 1181 2840 sqq.
1198 2776 1249 2824 dis·

263 2871 351 2933 putavit
367 2868 493 2916 dleinekius
516 2855 601 2918 Anall.
625 2869 699 2918 Alco.
717 2887 743 2932 p.
771 2867 917 2921 215-251.
951 2872 984 2920 Gi.
1014 2871 1081 2919 etiarn
1100 2871 1197 2934 Wagner
1223 2869 1248 2916 in

264 2963 407 3013 Schneidsw.
427 2963 524 3014 Pallet.
543 2965 573 3014 ll.
600 2962 624 3013 3.
648 2981 669 3028 p.
687 2961 737 3013 479
754 2981 792 3027 sq.

296 3055 320 3118 ²)
346 3056 425 3104 Strsh.
446 3057 505 3106 xtt.
537 3074 564 3120 p.
583 3052 633 3106 951
653 3061 671 3104 A
690 3057 735 3120 (sd.
761 3058 864 3122 Alrnell.
894 3055 943 3123 leis
960 3058 988 3106 de
1006 3057 1099 3122 Ephesio
1113 3057 1246 3108 tranasse

264 3148 388 3198 fleinekius
404 3149 459 3200 ibid.
477 3168 503 3213 p.
527 3147 576 3200 371
593 3166 644 3214 sqq·

297 3241 319 3304 ³)
346 3242 422 3306 saepta.
447 3244 505 3307 llys.
527 3261 550 3294 s.
575 3243 733 3294 Kossaissos.
768 3243 845 3292 llultis
868 3245 972 3294 laudibus
989 3243 1116 3294 celebratur
1132 3245 1162 3293 ab
1188 3243 1244 3292 set.

263 3335 360 3384 Aristide
380 3337 450 3388 Orat.
468 3337 514 3386 xl!
539 3336 588 3400 (ed.
606 3335 677 3386 iliad.
692 3337 710 3386 l.
734 3355 756 3400 p.
774 3335 823 3385 134
839 3339 911 3401 sqq-l.

298 3428 321 3494 ⁴)
338 3429 433 3480 Sueten.
452 3431 482 3481 de
497 3433 537 3481 s'll.
553 3445 654 3496 erasnm.
672 3429 729 3478 XX.

300 3520 326 3586 ⁵)
344 3523 444 3572 Aeonis
469 3523 550 3584 huius,
577 3523 729 3588 grammatici,
753 3533 779 3572 ut
797 3523 900 3586 ridetur,
926 3527 1010 3573 Auctor
1028 3526 1136 3591 mysael.
1152 3526 1193 3574 At.
1218 3541 1244 3571 r.

266 3615 399 3675 Διόνυσος
423 3635 447 3680 p.
473 3615 538 3679 277,
564 3617 595 3666 41
626 3617 676 3681 (ed.
702 3615 796 3681 Syia).
832 3617 930 3680 Paphius
953 3617 1080 3668 Alexander
1096 3617 1203 3668 laudatas
1220 3619 1249 3666 als

267 3708 383 3756 lluststhio
401 3709 430 3756 sd
447 3709 492 3758 Od.
509 3709 542 3758 K.
556 3727 579 3772 p.
599 3707 681 3774 1658,
701 3709 733 3758 47
751 3719 774 3760 et
793 3709 874 3774 1713,
894 3711 926 3762 18
943 3714 992 3778 (ed.
1010 3714 1106 3780 Rom),
1124 3730 1191 3776 quesn
1213 3713 1249 3760 lo·

266 3819 331 3866 eum,
356 3813 381 3852 ut
405 3803 503 3852 Eudoeia
520 3822 543 3867 p.
561 3801 626 3865 320,
653 3804 765 3868 excerpsit
781 3805 889 3854 Arsenics
904 3823 927 3868 p.
945 3805 993 3868 99,
1011 3807 1052 3856 ubi
1069 3808 1129 3856 sasle
1145 3807 1251 3856 scribitur

265 3892 280 3943 ὅ
298 3893 420 3965 Πάριος,
438 3915 505 3961 quern
523 3899 581 3946 adeo
598 3916 611 3946 e
628 3915 723 3948 numero
741 3899 874 3962 scriptorum
891 3891 964 3965 aeqs're
981 3902 1057 3952 densas
1073 3903 1163 3951 lioetac
1183 3901 1249 3951 lats-

267 3991 336 4038 etam
350 3989 453 4056 (Anscd.
477 3993 553 4040 leslt.
574 3993 602 4040 ll.
638 4009 658 4052 p.
685 3989 750 4054 782,
776 3990 835 4056 23),
858 3993 923 4042 ruodo
941 4013 1018 4045 serora
1038 3997 1066 4045 sit
1084 3997 1145 4059 qnod
1163 3993 1248 4059 conjeci

268 4084 364 4150 oasa.
382 4084 444 4132 asse.
463 4085 503 4134 rx.
528 4101 549 4144 p.
569 4064 623 4132 ns·
635 4101 669 4147 sq.
