2940 4920
656 387 699 456 ⁸7

649 637 708 703 VI.

227 793 325 862 Pur.
339 795 439 892 Gorg.
452 824 484 890 p.
500 799 564 866 499
578 801 621 866 B:
635 803 861 885 νοθομσλσγῶν
878 822 910 888 p.
926 798 992 868 500
1005 796 1049 862 E:
1064 799 1168 884 διομο-

180 903 371 995 λόγησαι-
386 910 454 978 Ass
476 915 510 980 in
532 915 609 979 Lex.
630 909 711 978 Plat.
728 926 904 1002 utrumque
920 908 1057 976 verbum
1076 910 1170 974 vertit

180 1023 365 1088 concedere.
396 1025 629 1108 Καθομολογεῒν
649 1023 711 1088 hoc
728 1039 855 1088 tanunn
867 1021 938 1088 loco
959 1022 1046 1112 apud
1060 1020 1168 1087 Plato-

180 1155 262 1198 nem
272 1135 446 1218 invenitur,
461 1139 705 1224 διομολογεῖσθαι
717 1139 905 1228 saepissime.
922 1135 1169 1204 conferentibus

179 1247 1168 1344 autemutrnmqueGorgiaolocumpatet,exquisitumutrius-

180 1382 249 1448 que
270 1360 361 1426 verbi
383 1385 480 1429 usum
500 1385 574 1428 esse.
603 1363 712 1430 Priore
727 1366 814 1430 enim
828 1361 898 1428 loco
917 1361 1062 1430 Callicles
1075 1363 1169 1442 dicit,

180 1496 214 1539 se
237 1474 285 1567 ael
300 1475 428 1564 singule
448 1476 612 1566 deinceps,
632 1501 715 1567 quae
737 1493 901 1570 rogaverat
919 1476 1071 1559 Socrates,
1090 1501 1169 1542 con-

180 1590 314 1654 sensisse
335 1590 380 1668 ei3
406 1591 579 1680 posteriore
598 1613 674 1656 vero
696 1593 797 1680 poscit
820 1589 980 1672 Socrates,
1002 1607 1040 1656 ut
1070 1589 1170 1656 Calli-

180 1697 246 1768 cles
266 1700 327 1766 sibi
346 1711 492 1770 universa
515 1703 685 1785 concedat,
709 1727 791 1794 quae
815 1705 874 1792 ipsi
898 1727 974 1770 cum
995 1703 1115 1795 Gorgia
1140 1719 1171 1768 et
1249 1717 1251 1724 ’

181 1812 263 1880 ΡοΙσ
283 1832 511 1882 convenerant.

638 1987 714 2055 VII.

227 2151 326 2216 Ptur.
343 2151 413 2216 Per.
432 2153 450 2215 3
458 2201 468 2232 ‚
484 2151 537 2216 26.
554 2154 588 2220 Ὁ
607 2152 636 2220 δ’
656 2158 787 2232 Εὔπολις
800 2154 834 2220 ἓν
846 2159 909 2230 τοῖς
919 2147 1037 2240 Δήμοις
1047 2156 1170 2218 neella*

182 2259 303 2350 νόμενος
316 2265 384 2352 περὶ
392 2260 520 2334 ἑκάστου
529 2271 591 2334 τοῖν
599 2264 827 2354 ἀναβεβηκότων
837 2269 871 2344 ἐξ
881 2260 961 2358 ήδσυ
971 2267 1171 2352 δημαγωγῶν,

181 2375 225 2454 οἷς
243 2377 261 2442 ὁ
276 2381 427 2464 Περικλῆς
444 2373 617 2466 ω’νομιίσθή
632 2386 807 2456 τελευταῖος·
830 2371 866 2458 ὅ,
890 2405 918 2446 τι
937 2403 991 2466 περ
1010 2373 1172 2466 κεφάλαιον
1211 2432 1216 2446 .

182 2495 390 2557 τῶνκσέτωθεν
401 2483 522 2578 ήγιιγεςῑ
534 2487 662 2556 -Satis
677 2491 757 2558 mire
768 2476 1063 2580 ,ipsepoetadicitur
1070 2509 1170 2578 quae-

182 2603 288 2666 sivisse
304 2601 344 2666 de
359 2603 414 2684 iis,
432 2605 489 2694 qui
507 2627 545 2668 ex
567 2603 675 2670 inferis
689 2605 863 2682 redierant3
879 2602 1070 2675 Plutarchus
1084 2604 1175 2701 onim¹

183 2711 281 2806 paulo
299 2715 383 2780 infra
402 2739 429 2782 c.
453 2719 488 2800 cl,
504 2720 545 2782 13
563 2719 694 2783 rectius:
711 2721 729 2786 o‘
745 2727 819 2806 γοῦν
834 2719 970 2786 Πλάτων
986 2690 1171 2784 esliiiveass

182 2829 306 2913 νόμενον
324 2830 423 2900 αὐτοῦ
442 2859 510 2900 τινα
535 2833 692 2920 πεποίηκεν
712 2819 813 2913 οεῗτεσ,
840 2829 898 2896 uhi
918 2827 1008 2896 Plato
1032 2829 1172 2894 comicus

183 2937 285 3006 alium
300 2960 507 3034 quaerentem
520 2941 605 3026 facit,
622 2968 690 3008 non
702 2947 768 3034 ipse
781 2945 915 3034 quaerit
934 2943 1057 3008 Pariter
1067 2965 1094 3006 c.
1117 2943 1171 3023 Pl,

184 3054 243 3119 50:
268 3055 427 3143 πεποίηκεν
450 3061 580 3136 Εὔπολις
599 3059 633 3124 ἐν
650 3054 771 3146 Δήμοις
795 3054 889 3122 asir&
913 3054 971 3140 μὲν
992 3052 1171 3145 (Periclem)

183 3159 279 3248 οὕτως
296 3171 463 3256 ἐρωτῶντα.
492 3167 557 3234 Sed
582 3170 728 3258 quamvis
744 3159 924 3233 inusitatius
942 3167 1064 3234 dictum
1080 3168 1171 3234 vide-

184 3297 268 3362 atur,
286 3297 393 3346 tamen
413 3279 505 3346 nulla
530 3281 570 3347 de
587 3283 665 3347 vitio
685 3269 826 3370 suspicio¹
840 3299 902 3362 est;
924 3305 959 3347 ac
979 3281 1053 3347 ferri
1077 3285 1171 3348 etiam

184 3410 288 3484 potest
303 3399 338 3464 ἓν
356 3401 420 3475 τοῖς
432 3393 552 3484 Δήμοις
565 3419 624 3485 pro
641 3400 675 3464 ἒν
690 3380 819 3484 Δήμοις·Ι
840 3419 923 3486 quae
938 3397 1084 3485 quamvis
1097 3394 1172 3459 vul-

185 3509 267 3600 garis
283 3525 315 3574 et
329 3506 444 3574 melior
457 3507 562 3575 sorma
581 3511 637 3592 sit,
662 3507 758 3574 altera
775 3527 881 3606 tamen
900 3509 987 3598 apud
1007 3506 1171 3573 Pollucem

186 3638 217 3686 et
232 3621 518 3712 Harpocrationem
528 3623 702 3704 invenitur,
714 3647 820 3713 neque
831 3621 997 3688 Athenaeo
1011 3623 1172 3714 incognita

186 3733 256 3801 luit.
273 3771 320 3788 —
340 3735 466 3804 Verum
487 3736 540 3804 hic
567 3739 633 3826 ipse
655 3733 744 3802 locus
760 3735 855 3813 aliud⁴
871 3761 930 3802 nos
956 3735 1065 3818 docet,
1083 3733 1173 3826 quod

187 3849 322 3942 alicujus
346 3853 501 3918 momenti
517 3853 560 3917 ad
574 3853 731 3918 rationem
750 3850 878 3918 fabulae
899 3849 1096 3942 Eupolideao
1117 3873 1172 3914 co-

187 3963 402 4058 gnoscendam
425 3987 489 4030 esse
510 3965 666 4031 videatur.
703 3966 876 4049 Quaeritur
900 3965 1002 4045 enim,
1026 3965 1098 4052 quis
1120 3960 1173 4027 ille

188 4081 244 4162 sit,
258 4103 359 4170 quem
376 4077 510 4170 Eupolis
526 4079 565 4144 de
583 4077 716 4170 singulis
736 4105 752 4142 a
773 4081 934 4146 Mercurio
951 4105 987 4144 ex
1002 4103 1076 4142 orco
1097 4100 1172 4140 evo-
