2942 4902
657 361 706 431 ‚37

202 543 361 634 improbos
376 541 474 626 boni,
492 545 586 618 sortes
608 549 739 615 inertes:
764 548 946 616 interiectus
963 567 1041 616 esset
1062 553 1104 632 is,
1122 553 1181 641 qui

202 657 259 722 hee
278 681 347 724 una
366 658 527 729 medicina
549 657 615 726 sole
635 664 745 750 petuis¹
760 688 788 737 a,
799 665 846 731 rei
858 661 1007 752 publicae
1022 680 1114 753 peste.
1124 665 1180 730 de-

199 767 282 858 pelli.
309 769 401 854 Quid
414 769 553 840 deinde?
567 796 673 863 quum
685 771 808 865 reliqua
821 777 984 844 instarent.
1010 775 1073 842 Cui
1088 776 1181 844 deni-

198 906 261 972 que
280 899 350 950 eret
370 882 527 967 dubium,
551 889 633 977 quin
648 885 702 956 ille
717 891 846 982 sanguis
863 889 1073 972 tribunicius,
1087 889 1180 967 nullo
1302 889 1307 898 ’

198 997 383 1084 praesertim
403 995 536 1087 publico
558 997 691 1066 consilio
711 1002 877 1091 profusus,
901 1001 1046 1070 consules
1062 1001 1180 1070 ultores

198 1125 228 1174 et
251 1109 433 1180 defensores
458 1128 537 1180 esset
557 1112 751 1182 habiturus?
771 1139 877 1206 quum
899 1115 1032 1208 quidem
1053 1119 1087 1182 in
1101 1141 1180 1184 eon-

199 1224 286 1292 cione
301 1223 521 1308 dixisset,'aut
539 1227 616 1293 redi
632 1229 731 1294 semel
743 1230 955 1318 pereundum,
974 1247 1031 1298 aut
1044 1230 1094 1298 bis
1112 1256 1180 1299 esse

199 1339 397 1404 vincendum.
428 1338 516 1424 Quid
530 1355 598 1406 erat
608 1338 660 1406 bis
672 1344 819 1408 vincere?
834 1342 874 1408 Id
888 1341 1039 1432 proiecto,
1055 1359 1092 1410 ut
1105 1369 1181 1413 cum

200 1451 410 1516 amentissimo
437 1451 570 1520 tribuno
597 1451 700 1543 plebis
725 1477 830 1544 quum
860 1455 1079 1539 decertassem,
1104 1482 1182 1524 cum

199 1560 384 1638 consulibus
407 1566 582 1654 ceterisque
609 1567 677 1632 eius
705 1563 864 1634 ultoribus
886 1567 1080 1635 dunicarem.
1110 1571 1180 1663 Ego

198 1698 281 1757 vere,
305 1679 332 1744 si
357 1661 572 1772 pugnimdum
596 1679 724 1762 fuisset,
743 1706 782 1750 ac
804 1705 872 1748 non
891 1683 1074 1772 accipienda
1087 1684 1181 1777 plaga

197 1789 291 1872 mihi,
304 1790 455 1858 sanabilis
470 1791 538 1874 illa,
554 1817 625 1860 non
644 1793 822 1875 mortifera,
838 1819 938 1884 quam
962 1798 1179 1886 imposuisset,

195 1901 292 1970 semel
303 1907 408 1993 perire
423 1922 529 1972 tamen
544 1904 737 1988 maluissem,
752 1931 852 1998 quem
871 1907 921 1976 bis
933 1911 1072 1976 vineere.
1101 1911 1180 1978 Erat

195 2018 282 2085 enim
302 2015 359 2082 illa
373 2016 471 2086 altera
485 2020 641 2088 eiusnodi
656 2024 836 2104 cententio,
852 2039 890 2088 ut
902 2046 1009 2114 neque
1028 2024 1103 2088 victi
1121 2047 1181 2090 ne-

195 2157 260 2226 que
270 2133 406 2200 victores
420 2157 489 2202 rem
504 2134 670 2225 publicem
679 2154 787 2206 tenere
799 2161 971 2228 pessemus.
995 2140 1049 2204 87.
1061 2138 1178 2207 Potui¹

194 2249 329 2339 quidem
336 2227 355 2330 ,Ι
366 2247 477 2319 multis
501 2250 686 2323 arentibus
707 2251 882 2320 fortissimis
903 2253 994 2335 viris,
1014 2275 1067 2320 me
1081 2253 1113 2318 vi
1128 2276 1180 2316 ar-

194 2363 321 2452 misque
335 2357 520 2433 defendere:
534 2387 596 2432 nee
607 2365 688 2432 mihi
703 2367 766 2456 ipsi
778 2364 832 2435 ille
840 2367 968 2440 enimus
981 2365 1069 2433 idem
1077 2389 1180 2448 meus,

195 2475 319 2543 nemini
326 2476 519 2567 incognitus,
526 2475 636 2546 detuit.
653 2478 884 2562 Sedvidebam,
890 2481 917 2546 si
929 2480 1074 2548 vicissem
1087 2503 1180 2570 prae·

194 2589 570 2674 sentemedverserium,
596 2593 739 2676 nimium
761 2583 882 2663 multos
904 2593 985 2660 mihi
1011 2591 1088 2660 elios
1115 2615 1180 2660 esse

195 2702 385 2780 vmoendos3
409 2704 436 2768 si
455 2705 557 2772 vietus
579 2729 693 2789 essem
713 2705 824 2774 multis
837 2706 932 2774 bouis
945 2723 978 2774 et
988 2731 1049 2797 pro
1068 2729 1133 2785 me,
1149 2723 1181 2772 et

193 2839 335 2896 meeum,
351 2817 448 2884 etism
462 2833 539 2906 pest
549 2841 602 2886 me
616 2841 682 2886 esse
705 2820 924 2909 pereundum:
949 2817 1181 2910 tribuniciique

194 2929 359 3020 sauguinis
383 2927 502 2999 ultores
521 2953 587 3001 esse
607 2949 802 3024 praesentes:
826 2955 916 3000 meae
935 2934 1046 3000 mortis
1060 2955 1180 3022 poenas

195 3041 314 3108 iudicio
336 3057 369 3108 et
390 3044 564 3132 pmteriteti
584 3046 746 3113 reservari.
785 3043 904 3128 Nolui,
933 3069 1039 3135 quum
1067 3043 1181 3114 consul

195 3155 556 3226 mmmunemselutem
570 3160 638 3236 sine
654 3157 737 3226 ferro
752 3157 979 3242 defendissem,
993 3182 1100 3226 meam
1112 3161 1181 3249 pri-

195 3284 286 3346 vatus
313 3270 409 3336 armis
431 3269 615 3340 defendere:
640 3271 810 3362 benseque
833 3273 918 3340 viros
940 3270 1050 3364 lugere
1078 3271 1179 3338 malui

195 3403 280 3448 :neas
293 3379 449 3464 sorttmas,
468 3405 569 3474 quam
582 3386 648 3452 suis
662 3385 843 3476 desperare:
861 3407 914 3468 ac,
936 3385 962 3452 si
979 3381 1066 3450 solus
1080 3406 1179 3457 essem

195 3493 388 3578 interiectus,
406 3495 486 3562 mihi
505 3513 617 3587 turpe;
633 3499 659 3566 si
675 3523 752 3568 eum
765 3496 885 3582 multis,
898 3494 1111 3585 tei'puhlieee
1123 3495 1177 3562 su-

196 3623 324 3679 nestum
340 3607 408 3676 sore
428 3608 607 3679 videbatur.

239 3835 382 3902 XXVII.
406 3778 459 3902 dd.
484 3839 616 3922 Quare³
645 3863 750 3930 quum
767 3841 914 3905 omnium
930 3835 1133 3926 perditorum
1149 3852 1181 3902 et

204 3993 383 4002 ——nq—

234 4069 254 4138 ²)
275 4074 573 4134 mememoratur.
590 4071 761 4136 13.§33.-
780 4071 806 4140 ¹)
819 4088 864 4136 pre
876 4073 951 4122 nomo
963 4087 1007 4122 sua
1020 4087 1043 4120 c.
1056 4067 1124 4132 ΞΜ
1151 4067 1178 4117 6.
