2862 4894
767 321 810 386 36

301 508 460 588 iussimus,
488 529 568 595 qnae
591 527 607 568 a
632 526 759 596 quoquc
782 502 967 571 dicebantur
989 503 1091 571 datne.
1140 506 1286 574 Primum

300 619 491 688 ostendimus
514 618 652 709 Cethego
672 621 813 708 signnm:
840 619 995 708 cognorit.
1027 619 1091 688 Nos
1116 619 1214 688 linum
1238 623 1287 688 in·

299 735 455 800 eidimus:
480 733 623 822 legimus.
672 735 748 800 Erat
770 734 921 823 scriptum
954 733 1049 823 ipsius
1074 755 1169 800 manu
1196 735 1287 803 Atto·

303 849 433 936 hrogum
462 851 582 914 senatui
605 861 637 915 et
666 848 805 938 populo,
831 871 912 928 sese,
939 869 1019 937 quae
1039 871 1148 916 eorum
1172 848 1283 939 legetis

301 963 535 1050 confirmasset,
560 985 623 1032 esse
648 963 817 1030 iacturum:
846 985 952 1044 orare,
979 976 1013 1029 nt
1037 963 1112 1030 item
1130 963 1175 1029 illi
1200 965 1282 1030 lnce-

303 1089 389 1155 rcnt,
424 1077 587 1165 quaesibi
615 1075 709 1164 legati
732 1099 839 1142 eorum
869 1077 1069 1166 recepissent.
1117 1077 1197 1144 Tum
1221 1076 1283 1144 Ge·

305 1190 432 1279 thegus,
466 1192 521 1279 qui
551 1191 653 1278 paullo
685 1203 756 1257 onte
776 1189 896 1279 aliquid
921 1204 1023 1258 tamen
1048 1189 1087 1256 de
1109 1191 1219 1280 gladiis
1247 1215 1285 1260 ac

304 1305 391 1385 sicis,
424 1328 504 1394 quae
536 1296 617 1394 np'ud
648 1307 752 1394 ipsum
784 1319 871 1371 erunt
895 1303 1123 1395 deprehensae,
1156 1329 1285 1398 respon-

302 1419 417 1500 disset,
440 1420 646 1508 dixissetque,
665 1443 696 1486 se
713 1441 833 1510 semper
852 1419 1004 1486 honorum
1024 1421 1285 1488 ferramentorum

301 1533 473 1600 studiosum
494 1533 602 1601 luisse:
627 1534 763 1600 recitotis
784 1534 882 1600 literis
898 1533 1078 1602 debilitatus
1089 1547 1183 1626 atque
1196 1535 1288 1602 nbie·

303 1665 385 1726 ctus,
404 1647 593 1716 conscientie
611 1649 788 1730 convictus,
813 1661 940 1737 repente
960 1649 1125 1716 conticuit.
1149 1652 1205 1714 87.
1230 1647 1284 1714 In·

304 1761 465 1828 troductus
487 1775 532 1827 est
556 1759 716 1828 Statilius:
741 1763 886 1850 cognorit
909 1776 940 1828 et
963 1763 1084 1852 signnm
1103 1775 1135 1829 et
1155 1785 1283 1829 monum

302 1899 401 1942 susm.
449 1875 609 1944 Recitatae
630 1889 701 1942 sunt
733 1876 865 1942 tobellae
899 1877 929 1942 in
962 1877 1104 1944 eamdem
1128 1877 1195 1944 lere
1220 1900 1287 1943 sen·

301 1993 446 2058 tentiam:
472 1993 626 2058 confessus
646 2007 704 2058 est.
742 1995 794 2059 88.
820 1991 899 2058 Tum
918 1991 1037 2059 ostendi
1056 1992 1185 2058 tabellas
1204 1993 1287 2059 Len·

300 2103 387 2186 tulo,
403 2117 442 2172 et
472 2106 625 2195 quaesivi,
649 2118 888 2194 cognosceretne
912 2107 1048 2196 signum.
1087 2107 1217 2173 Annuit.
1241 2147 1283 2164 -

301 2220 379 2286 »Est
406 2242 498 2298 sero,
531 2220 676 2308 inquam,
708 2233 817 2286 notum
840 2221 980 2309 signum,
1014 2222 1116 2311 imngo
1138 2222 1187 2287 ori
1214 2223 1283 2305 tui,

301 2333 462 2400 clarissimi
478 2333 554 2415 riri,
581 2334 636 2422 qui
656 2335 770 2402 amerit
788 2335 879 2404 unice
896 2337 1030 2425 patrium
1047 2349 1078 2403 et
1099 2337 1186 2402 eires
1202 2357 1287 2401 suos:

303 2470 383 2537 quae
407 2444 535 2536 quidem
565 2459 595 2514 te
617 2470 634 2511 s
659 2459 743 2514 tanto
767 2449 882 2516 scelere
905 2449 999 2516 etiam
1027 2463 1114 2516 muts
1139 2466 1289 2517 rerncare

301 2558 451 2628 debuit.”
475 2599 521 2610 -
543 2561 703 2650 Leguntur
727 2561 833 2628 eadem
855 2563 974 2631 ratione
1001 2563 1040 2631 ad
1065 2577 1205 2631 senatum
1230 2564 1288 2631 dl·

300 2673 463 2763 lobrogum
484 2675 702 2765 populumque
729 2676 847 2745 literae.
894 2677 929 2744 st
953 2677 1029 2768 quid
1057 2678 1097 2746 de
1121 2677 1168 2744 his
1192 2676 1286 2744 rebus

303 2785 407 2853 dicere
432 2787 543 2868 vellet,
569 2787 630 2854 leci
654 2802 850 2878 potestatem.
887 2791 991 2880 Atque
1015 2791 1068 2858 ille
1090 2791 1195 2882 primo
1216 2793 1288 2882 qui·

302 2898 372 2967 dem
398 2903 537 2994 negarit:
563 2917 631 2992 post
655 2919 759 2970 autem
783 2906 964 2994 eliquanto,
990 2919 1056 2974 toto
1080 2908 1141 2973 iam
1170 2906 1288 2973 indicio

303 3015 442 3103 exposito
476 3029 571 3106 etque
600 3019 706 3101 edito,
744 2997 897 3086 surrexiti
934 3021 1087 3109 qnaesivit
1122 3044 1139 3088 a
1173 3020 1288 3098 Gallis,

305 3128 378 3218 qnid
413 3131 473 3196 sibi
507 3145 585 3198 esset
614 3153 688 3200 cum
721 3134 776 3200 iis:
809 3134 1012 3222 quamobrem
1043 3134 1170 3202 domurn
1201 3157 1288 3203 susm

304 3242 478 3320 uenissent;
502 3247 641 3336 itemque
665 3271 681 3312 a
707 3247 881 3314 Volturcio.
929 3250 990 3334 Qui
1022 3271 1121 3339 quum
1146 3248 1193 3315 illi
1217 3248 1288 3316 bre·

306 3357 381 3422 riter
405 3372 643 3449 constanterque
666 3360 914 3448 respondissent,
941 3385 1108 3452 perquem
1132 3363 1170 3430 sd
1195 3385 1285 3442 enm,

303 3473 488 3563 quotiesque
523 3477 696 3558 uenissent,
731 3477 985 3570 quaesissentque
1015 3480 1055 3547 rb
1079 3503 1134 3561 eo,
1165 3480 1286 3549 nihilne

301 3609 405 3654 secum
429 3605 507 3657 esset
531 3589 570 3658 de
594 3593 665 3660 lctis
689 3590 855 3682 Sibyllinis
878 3595 1019 3667 locutus:
1055 3609 1121 3663 turn
1149 3597 1203 3664 ille
1227 3621 1285 3664 su-

302 3704 388 3784 bito,
420 3705 536 3772 scelere
559 3705 707 3784 demens,
743 3721 858 3798 quanta
883 3709 1093 3776 conscientiae
1118 3712 1163 3777 ris
1187 3725 1284 3792 esset,

301 3817 446 3886 ostendit.
503 3819 599 3900 Nam,
635 3843 732 3910 quum
769 3821 801 3888 id
835 3837 936 3914 posset
972 3825 1120 3904 inlitinri,
1156 3839 1288 3916 repente

300 3945 422 4020 praeter
454 3933 632 4021 opinionem
670 3935 810 4001 omnium
845 3937 1002 4004 confessus
1036 3951 1093 4007 est.
1141 3937 1187 4005 lta
1212 3959 1285 4006 enm

301 4067 361 4111 non
387 4044 479 4112 modo
504 4047 659 4133 ingenium
683 4047 772 4126 illud,
796 4062 828 4118 et
850 4050 978 4119 dicendi
1002 4053 1200 4131 exercitatio,
1225 4077 1287 4143 qus
