<?xml version="1.0" encoding="UTF-8"?>
<!DOCTYPE html PUBLIC "-//W3C//DTD XHTML 1.0 Transitional//EN"
    "http://www.w3.org/TR/xhtml1/DTD/xhtml1-transitional.dtd">
<html xmlns="http://www.w3.org/1999/xhtml" xml:lang="en" lang="en">
 <head>
  <title>
</title>
<meta http-equiv="Content-Type" content="text/html;charset=utf-8" />
  <meta name='ocr-system' content='tesseract 3.04.00' />
  <meta name='ocr-capabilities' content='ocr_page ocr_carea ocr_par ocr_line ocrx_word'/>
</head>
<body>
  <div class='ocr_page' id='page_1' title='image "./miscellaneaphil00paedgoog_0340.png"; bbox 0 0 2942 4902; ppageno 0'>
   <div class='ocr_carea' id='block_1_1' title="bbox 662 347 702 410">
    <p class='ocr_par' dir='ltr' id='par_1_1' title="bbox 662 347 702 410">
     <span class='ocr_line' id='line_1_1' title="bbox 662 347 702 410; baseline 0 0"><span class='ocrx_word' id='word_1_1' title='bbox 662 347 702 410; x_wconf 77' lang='lat' dir='ltr'>ts</span> 
     </span>
    </p>
   </div>
   <div class='ocr_carea' id='block_1_2' title="bbox 186 536 1272 4034">
    <p class='ocr_par' dir='ltr' id='par_1_2' title="bbox 194 536 1272 1645">
     <span class='ocr_line' id='line_1_2' title="bbox 200 536 1173 628; baseline 0.01 -30"><span class='ocrx_word' id='word_1_2' title='bbox 200 545 317 602; x_wconf 62' lang='lat' dir='ltr'>irinati</span> <span class='ocrx_word' id='word_1_3' title='bbox 344 539 494 602; x_wconf 72' lang='lat' dir='ltr'>remansit</span> <span class='ocrx_word' id='word_1_4' title='bbox 520 536 693 620; x_wconf 81' lang='lat' dir='ltr'>ablativus,</span> <span class='ocrx_word' id='word_1_5' title='bbox 718 561 822 628; x_wconf 89' lang='lat' dir='ltr'>quum</span> <span class='ocrx_word' id='word_1_6' title='bbox 841 549 991 608; x_wconf 64' lang='lat' dir='ltr'>vumera</span> <span class='ocrx_word' id='word_1_7' title='bbox 1017 546 1050 608; x_wconf 90' lang='lat' dir='ltr'>in</span> <span class='ocrx_word' id='word_1_8' title='bbox 1076 543 1173 617; x_wconf 86' lang='lat' dir='ltr'>altero</span> 
     </span>
     <span class='ocr_line' id='line_1_3' title="bbox 199 649 1174 746; baseline 0.008 -32"><span class='ocrx_word' id='word_1_9' title='bbox 199 649 255 714; x_wconf 81' lang='lat' dir='ltr'>Ms.</span> <span class='ocrx_word' id='word_1_10' title='bbox 272 649 430 718; x_wconf 81' lang='lat' dir='ltr'>Vaticano</span> <span class='ocrx_word' id='word_1_11' title='bbox 449 669 532 718; x_wconf 83' lang='lat' dir='ltr'>rocta</span> <span class='ocrx_word' id='word_1_12' title='bbox 547 655 702 742; x_wconf 88' lang='lat' dir='ltr'>seriptum</span> <span class='ocrx_word' id='word_1_13' title='bbox 719 671 806 720; x_wconf 78' lang='lat' dir='ltr'>assat.</span> <span class='ocrx_word' id='word_1_14' title='bbox 838 655 977 720; x_wconf 82' lang='lat' dir='ltr'><strong><em>Primam</em></strong></span> <span class='ocrx_word' id='word_1_15' title='bbox 994 669 1174 746; x_wconf 79' lang='lat' dir='ltr'>transgres-</span> 
     </span>
     <span class='ocr_line' id='line_1_4' title="bbox 196 764 1173 860; baseline 0.007 -33"><span class='ocrx_word' id='word_1_16' title='bbox 196 787 247 828; x_wconf 84' lang='lat' dir='ltr'>sus</span> <span class='ocrx_word' id='word_1_17' title='bbox 260 781 332 853; x_wconf 88' lang='lat' dir='ltr'>post</span> <span class='ocrx_word' id='word_1_18' title='bbox 349 787 403 846; x_wconf 85' lang='lat' dir='ltr'>aa,</span> <span class='ocrx_word' id='word_1_19' title='bbox 427 789 509 854; x_wconf 87' lang='lat' dir='ltr'>quae</span> <span class='ocrx_word' id='word_1_20' title='bbox 524 764 634 856; x_wconf 84' lang='lat' dir='ltr'>paullo</span> <span class='ocrx_word' id='word_1_21' title='bbox 655 782 729 833; x_wconf 84' lang='lat' dir='ltr'>anta</span> <span class='ocrx_word' id='word_1_22' title='bbox 752 767 906 860; x_wconf 84' lang='lat' dir='ltr'>leguntur</span> <span class='ocrx_word' id='word_1_23' title='bbox 927 769 1013 834; x_wconf 88' lang='lat' dir='ltr'>Nam</span> <span class='ocrx_word' id='word_1_24' title='bbox 1036 768 1127 835; x_wconf 84' lang='lat' dir='ltr'>Clota</span> <span class='ocrx_word' id='word_1_25' title='bbox 1143 783 1173 834; x_wconf 83' lang='lat' dir='ltr'>et</span> 
     </span>
     <span class='ocr_line' id='line_1_5' title="bbox 195 877 1173 974; baseline 0.008 -34"><span class='ocrx_word' id='word_1_26' title='bbox 195 877 362 960; x_wconf 79' lang='lat' dir='ltr'>Bodotria,</span> <span class='ocrx_word' id='word_1_27' title='bbox 379 881 452 945; x_wconf 87' lang='lat' dir='ltr'>satis</span> <span class='ocrx_word' id='word_1_28' title='bbox 465 895 571 972; x_wconf 84' lang='lat' dir='ltr'>aperta</span> <span class='ocrx_word' id='word_1_29' title='bbox 592 879 711 946; x_wconf 87' lang='lat' dir='ltr'>indicat</span> <span class='ocrx_word' id='word_1_30' title='bbox 721 905 810 948; x_wconf 91' lang='lat' dir='ltr'>nunc</span> <span class='ocrx_word' id='word_1_31' title='bbox 826 883 876 974; x_wconf 86' lang='lat' dir='ltr'>agi</span> <span class='ocrx_word' id='word_1_32' title='bbox 891 880 931 948; x_wconf 85' lang='lat' dir='ltr'>do</span> <span class='ocrx_word' id='word_1_33' title='bbox 951 879 1053 948; x_wconf 90' lang='lat' dir='ltr'>Clota.</span> <span class='ocrx_word' id='word_1_34' title='bbox 1074 882 1117 947; x_wconf 84' lang='lat' dir='ltr'>Et</span> <span class='ocrx_word' id='word_1_35' title='bbox 1131 903 1173 951; x_wconf 86' lang='lat' dir='ltr'>na</span> 
     </span>
     <span class='ocr_line' id='line_1_6' title="bbox 194 989 1171 1086; baseline 0.007 -33"><span class='ocrx_word' id='word_1_36' title='bbox 194 1007 290 1075; x_wconf 84' lang='lat' dir='ltr'>quem</span> <span class='ocrx_word' id='word_1_37' title='bbox 296 989 438 1056; x_wconf 79' lang='lat' dir='ltr'>offendat</span> <span class='ocrx_word' id='word_1_38' title='bbox 446 1001 586 1081; x_wconf 83' lang='lat' dir='ltr'>primam</span> <span class='ocrx_word' id='word_1_39' title='bbox 599 993 672 1076; x_wconf 86' lang='lat' dir='ltr'>dici,</span> <span class='ocrx_word' id='word_1_40' title='bbox 684 992 742 1058; x_wconf 88' lang='lat' dir='ltr'>ubi</span> <span class='ocrx_word' id='word_1_41' title='bbox 751 1003 891 1082; x_wconf 79' lang='lat' dir='ltr'>priorem</span> <span class='ocrx_word' id='word_1_42' title='bbox 901 997 1021 1086; x_wconf 76' lang='lat' dir='ltr'>requiri</span> <span class='ocrx_word' id='word_1_43' title='bbox 1031 995 1171 1076; x_wconf 80' lang='lat' dir='ltr'>videtur,</span> 
     </span>
     <span class='ocr_line' id='line_1_7' title="bbox 194 1103 1173 1197; baseline 0.006 -31"><span class='ocrx_word' id='word_1_44' title='bbox 194 1125 295 1189; x_wconf 87' lang='lat' dir='ltr'>quum</span> <span class='ocrx_word' id='word_1_45' title='bbox 315 1103 356 1169; x_wconf 86' lang='lat' dir='ltr'>ds</span> <span class='ocrx_word' id='word_1_46' title='bbox 374 1105 502 1172; x_wconf 88' lang='lat' dir='ltr'>duobus</span> <span class='ocrx_word' id='word_1_47' title='bbox 519 1129 622 1173; x_wconf 86' lang='lat' dir='ltr'>sermo</span> <span class='ocrx_word' id='word_1_48' title='bbox 638 1109 695 1188; x_wconf 86' lang='lat' dir='ltr'>sit,</span> <span class='ocrx_word' id='word_1_49' title='bbox 724 1109 869 1196; x_wconf 88' lang='lat' dir='ltr'>inspiciat</span> <span class='ocrx_word' id='word_1_50' title='bbox 890 1105 1039 1197; x_wconf 84' lang='lat' dir='ltr'>exempla</span> <span class='ocrx_word' id='word_1_51' title='bbox 1060 1103 1173 1173; x_wconf 79' lang='lat' dir='ltr'>similia</span> 
     </span>
     <span class='ocr_line' id='line_1_8' title="bbox 195 1215 1173 1313; baseline 0.006 -33"><span class='ocrx_word' id='word_1_52' title='bbox 195 1239 211 1280; x_wconf 83' lang='lat' dir='ltr'>r</span> <span class='ocrx_word' id='word_1_53' title='bbox 233 1215 396 1284; x_wconf 72' lang='lat' dir='ltr'>Ciceronis</span> <span class='ocrx_word' id='word_1_54' title='bbox 413 1221 554 1310; x_wconf 85' lang='lat' dir='ltr'>scriptis,</span> <span class='ocrx_word' id='word_1_55' title='bbox 570 1243 653 1308; x_wconf 85' lang='lat' dir='ltr'>quaa</span> <span class='ocrx_word' id='word_1_56' title='bbox 673 1219 799 1313; x_wconf 83' lang='lat' dir='ltr'>collegit</span> <span class='ocrx_word' id='word_1_57' title='bbox 819 1216 905 1313; x_wconf 80' lang='lat' dir='ltr'>Aug.</span> <span class='ocrx_word' id='word_1_58' title='bbox 924 1219 1116 1288; x_wconf 87' lang='lat' dir='ltr'>Matthiaeus</span> <span class='ocrx_word' id='word_1_59' title='bbox 1132 1222 1173 1287; x_wconf 87' lang='lat' dir='ltr'>ad</span> 
     </span>
     <span class='ocr_line' id='line_1_9' title="bbox 196 1329 1272 1422; baseline 0.005 -28"><span class='ocrx_word' id='word_1_60' title='bbox 196 1345 269 1394; x_wconf 87' lang='lat' dir='ltr'>orat.</span> <span class='ocrx_word' id='word_1_61' title='bbox 296 1355 329 1420; x_wconf 93' lang='lat' dir='ltr'>p.</span> <span class='ocrx_word' id='word_1_62' title='bbox 361 1329 461 1397; x_wconf 77' lang='lat' dir='ltr'>Sestio</span> <span class='ocrx_word' id='word_1_63' title='bbox 490 1332 545 1412; x_wconf 87' lang='grc'>19,</span> <span class='ocrx_word' id='word_1_64' title='bbox 567 1335 620 1398; x_wconf 74' lang='lat' dir='ltr'>li.</span> <span class='ocrx_word' id='word_1_65' title='bbox 662 1329 766 1399; x_wconf 83' lang='lat' dir='ltr'>Causa</span> <span class='ocrx_word' id='word_1_66' title='bbox 794 1333 891 1422; x_wconf 87' lang='lat' dir='ltr'>hujus</span> <span class='ocrx_word' id='word_1_67' title='bbox 912 1331 1056 1400; x_wconf 82' lang='lat' dir='ltr'>licentiae</span> <span class='ocrx_word' id='word_1_68' title='bbox 1077 1336 1110 1400; x_wconf 90' lang='lat' dir='ltr'>in</span> <span class='ocrx_word' id='word_1_69' title='bbox 1136 1358 1173 1400; x_wconf 87' lang='lat' dir='ltr'>eo</span> <span class='ocrx_word' id='word_1_70' title='bbox 1260 1335 1272 1360; x_wconf 80' lang='grc'><strong>’</strong></span> 
     </span>
     <span class='ocr_line' id='line_1_10' title="bbox 196 1443 1173 1535; baseline 0.006 -29"><span class='ocrx_word' id='word_1_71' title='bbox 196 1445 293 1530; x_wconf 84' lang='lat' dir='ltr'>posita</span> <span class='ocrx_word' id='word_1_72' title='bbox 325 1443 464 1525; x_wconf 78' lang='lat' dir='ltr'>ridetur,</span> <span class='ocrx_word' id='word_1_73' title='bbox 487 1445 577 1535; x_wconf 88' lang='lat' dir='ltr'>quod</span> <span class='ocrx_word' id='word_1_74' title='bbox 590 1455 716 1534; x_wconf 82' lang='lat' dir='ltr'>primus</span> <span class='ocrx_word' id='word_1_75' title='bbox 736 1443 919 1535; x_wconf 80' lang='lat' dir='ltr'>superlativi</span> <span class='ocrx_word' id='word_1_76' title='bbox 946 1463 1094 1512; x_wconf 86' lang='lat' dir='ltr'>naturam</span> <span class='ocrx_word' id='word_1_77' title='bbox 1118 1447 1173 1512; x_wconf 86' lang='lat' dir='ltr'>de-</span> 
     </span>
     <span class='ocr_line' id='line_1_11' title="bbox 197 1560 308 1645; baseline -0.009 -21"><span class='ocrx_word' id='word_1_78' title='bbox 197 1560 308 1645; x_wconf 88' lang='lat' dir='ltr'>posuit.</span> 
     </span>
    </p>

    <p class='ocr_par' dir='ltr' id='par_1_3' title="bbox 186 1671 1213 3580">
     <span class='ocr_line' id='line_1_12' title="bbox 237 1671 1173 1764; baseline 0.004 -28"><span class='ocrx_word' id='word_1_79' title='bbox 237 1671 284 1736; x_wconf 55' lang='lat' dir='ltr'>Ga</span> <span class='ocrx_word' id='word_1_80' title='bbox 299 1673 352 1738; x_wconf 87' lang='lat' dir='ltr'>3t.</span> <span class='ocrx_word' id='word_1_81' title='bbox 386 1675 478 1740; x_wconf 87' lang='lat' dir='ltr'>Bona</span> <span class='ocrx_word' id='word_1_82' title='bbox 477 1676 695 1764; x_wconf 81' lang='lat' dir='ltr'>fortunasque</span> <span class='ocrx_word' id='word_1_83' title='bbox 712 1684 745 1739; x_wconf 88' lang='lat' dir='ltr'>in</span> <span class='ocrx_word' id='word_1_84' title='bbox 759 1674 908 1739; x_wconf 87' lang='lat' dir='ltr'>tributum</span> <span class='ocrx_word' id='word_1_85' title='bbox 922 1687 1094 1764; x_wconf 78' lang='lat' dir='ltr'>aggerant,</span> <span class='ocrx_word' id='word_1_86' title='bbox 1112 1700 1173 1740; x_wconf 87' lang='lat' dir='ltr'>an-</span> 
     </span>
     <span class='ocr_line' id='line_1_13' title="bbox 196 1783 1174 1876; baseline 0 -26"><span class='ocrx_word' id='word_1_87' title='bbox 196 1809 265 1850; x_wconf 89' lang='lat' dir='ltr'>num</span> <span class='ocrx_word' id='word_1_88' title='bbox 285 1796 319 1850; x_wconf 88' lang='lat' dir='ltr'>in</span> <span class='ocrx_word' id='word_1_89' title='bbox 322 1787 534 1876; x_wconf 86' lang='lat' dir='ltr'>frumentum.</span> <span class='ocrx_word' id='word_1_90' title='bbox 559 1785 717 1854; x_wconf 86' lang='lat' dir='ltr'>Sicverha</span> <span class='ocrx_word' id='word_1_91' title='bbox 734 1786 822 1852; x_wconf 88' lang='lat' dir='ltr'>dedit</span> <span class='ocrx_word' id='word_1_92' title='bbox 832 1783 989 1866; x_wconf 83' lang='lat' dir='ltr'>Orellius,</span> <span class='ocrx_word' id='word_1_93' title='bbox 1004 1788 1056 1850; x_wconf 90' lang='lat' dir='ltr'>cui</span> <span class='ocrx_word' id='word_1_94' title='bbox 1071 1787 1174 1876; x_wconf 83' lang='lat' dir='ltr'>praei-</span> 
     </span>
     <span class='ocr_line' id='line_1_14' title="bbox 196 1896 1213 1988; baseline 0 -26"><span class='ocrx_word' id='word_1_95' title='bbox 196 1913 281 1964; x_wconf 82' lang='lat' dir='ltr'>verat</span> <span class='ocrx_word' id='word_1_96' title='bbox 303 1896 478 1964; x_wconf 82' lang='lat' dir='ltr'>Dronkius.</span> <span class='ocrx_word' id='word_1_97' title='bbox 517 1901 657 1966; x_wconf 79' lang='lat' dir='ltr'>liittarus</span> <span class='ocrx_word' id='word_1_98' title='bbox 675 1897 790 1964; x_wconf 86' lang='lat' dir='ltr'>maluit</span> <span class='ocrx_word' id='word_1_99' title='bbox 804 1899 891 1987; x_wconf 84' lang='lat' dir='ltr'>sequi</span> <span class='ocrx_word' id='word_1_100' title='bbox 914 1899 953 1964; x_wconf 87' lang='lat' dir='ltr'>R.</span> <span class='ocrx_word' id='word_1_101' title='bbox 970 1897 1173 1988; x_wconf 74' lang='lat' dir='ltr'>Seyffertum,</span> <span class='ocrx_word' id='word_1_102' title='bbox 1201 1961 1213 1983; x_wconf 69' lang='lat'>‚</span> 
     </span>
     <span class='ocr_line' id='line_1_15' title="bbox 194 2009 1175 2108; baseline 0 -32"><span class='ocrx_word' id='word_1_103' title='bbox 194 2013 248 2098; x_wconf 82' lang='lat' dir='ltr'>qui</span> <span class='ocrx_word' id='word_1_104' title='bbox 261 2013 398 2100; x_wconf 75' lang='lat' dir='ltr'>proesius</span> <span class='ocrx_word' id='word_1_105' title='bbox 413 2011 505 2078; x_wconf 83' lang='lat' dir='ltr'>codd.</span> <span class='ocrx_word' id='word_1_106' title='bbox 515 2012 747 2078; x_wconf 85' lang='lat' dir='ltr'>Vaticanorum</span> <span class='ocrx_word' id='word_1_107' title='bbox 763 2013 892 2108; x_wconf 67' lang='lat' dir='ltr'>vesdgia</span> <span class='ocrx_word' id='word_1_108' title='bbox 905 2009 1175 2078; x_wconf 85' lang='lat' dir='ltr'>observavitscri-</span> 
     </span>
     <span class='ocr_line' id='line_1_16' title="bbox 194 2123 1175 2217; baseline 0 -27"><span class='ocrx_word' id='word_1_109' title='bbox 194 2123 319 2190; x_wconf 81' lang='lat' dir='ltr'>bondo:</span> <span class='ocrx_word' id='word_1_110' title='bbox 338 2127 429 2190; x_wconf 86' lang='lat' dir='ltr'>Bona</span> <span class='ocrx_word' id='word_1_111' title='bbox 441 2127 659 2217; x_wconf 80' lang='lat' dir='ltr'>fortunaeque</span> <span class='ocrx_word' id='word_1_112' title='bbox 679 2135 712 2190; x_wconf 88' lang='lat' dir='ltr'>in</span> <span class='ocrx_word' id='word_1_113' title='bbox 735 2125 900 2205; x_wconf 83' lang='lat' dir='ltr'>tributum,</span> <span class='ocrx_word' id='word_1_114' title='bbox 918 2147 998 2214; x_wconf 87' lang='lat' dir='ltr'>ager</span> <span class='ocrx_word' id='word_1_115' title='bbox 1021 2139 1054 2190; x_wconf 83' lang='lat' dir='ltr'>et</span> <span class='ocrx_word' id='word_1_116' title='bbox 1071 2149 1175 2190; x_wconf 86' lang='lat' dir='ltr'>annua</span> 
     </span>
     <span class='ocr_line' id='line_1_17' title="bbox 195 2234 1176 2327; baseline 0.004 -27"><span class='ocrx_word' id='word_1_117' title='bbox 195 2246 228 2300; x_wconf 86' lang='lat' dir='ltr'>in</span> <span class='ocrx_word' id='word_1_118' title='bbox 239 2238 459 2326; x_wconf 83' lang='lat' dir='ltr'>framentum,</span> <span class='ocrx_word' id='word_1_119' title='bbox 478 2237 513 2304; x_wconf 87' lang='lat' dir='ltr'>in</span> <span class='ocrx_word' id='word_1_120' title='bbox 527 2261 592 2327; x_wconf 84' lang='lat' dir='ltr'>qua</span> <span class='ocrx_word' id='word_1_121' title='bbox 606 2235 741 2304; x_wconf 86' lang='lat' dir='ltr'>lectione</span> <span class='ocrx_word' id='word_1_122' title='bbox 758 2235 848 2304; x_wconf 76' lang='lat' dir='ltr'>verbi</span> <span class='ocrx_word' id='word_1_123' title='bbox 869 2236 1009 2304; x_wconf 81' lang='lat' dir='ltr'>desectus</span> <span class='ocrx_word' id='word_1_124' title='bbox 1025 2234 1176 2304; x_wconf 84' lang='lat' dir='ltr'>lectorem</span> 
     </span>
     <span class='ocr_line' id='line_1_18' title="bbox 195 2349 1176 2443; baseline 0.002 -29"><span class='ocrx_word' id='word_1_125' title='bbox 195 2367 347 2416; x_wconf 86' lang='lat' dir='ltr'>moratur.</span> <span class='ocrx_word' id='word_1_126' title='bbox 378 2349 447 2443; x_wconf 85' lang='lat' dir='ltr'>Ego</span> <span class='ocrx_word' id='word_1_127' title='bbox 466 2351 616 2441; x_wconf 86' lang='lat' dir='ltr'>adscripsi</span> <span class='ocrx_word' id='word_1_128' title='bbox 636 2351 727 2416; x_wconf 86' lang='lat' dir='ltr'>huna</span> <span class='ocrx_word' id='word_1_129' title='bbox 751 2349 875 2433; x_wconf 86' lang='lat' dir='ltr'>locum,</span> <span class='ocrx_word' id='word_1_130' title='bbox 897 2367 935 2416; x_wconf 91' lang='lat' dir='ltr'>ut</span> <span class='ocrx_word' id='word_1_131' title='bbox 952 2373 1027 2418; x_wconf 87' lang='lat' dir='ltr'>cum</span> <span class='ocrx_word' id='word_1_132' title='bbox 1047 2353 1101 2433; x_wconf 89' lang='lat' dir='ltr'>iis,</span> <span class='ocrx_word' id='word_1_133' title='bbox 1118 2353 1176 2440; x_wconf 92' lang='lat' dir='ltr'>qui</span> 
     </span>
     <span class='ocr_line' id='line_1_19' title="bbox 194 2455 1173 2558; baseline 0.002 -30"><span class='ocrx_word' id='word_1_134' title='bbox 194 2455 271 2530; x_wconf 77' lang='lat' dir='ltr'>haec</span> <span class='ocrx_word' id='word_1_135' title='bbox 281 2463 404 2558; x_wconf 79' lang='lat' dir='ltr'>legunt,</span> <span class='ocrx_word' id='word_1_136' title='bbox 411 2457 615 2532; x_wconf 72' lang='lat' dir='ltr'>certissimam</span> <span class='ocrx_word' id='word_1_137' title='bbox 625 2465 880 2534; x_wconf 81' lang='lat' dir='ltr'>emendationem</span> <span class='ocrx_word' id='word_1_138' title='bbox 891 2465 1173 2544; x_wconf 87' lang='lat' dir='ltr'>communicarem,</span> 
     </span>
     <span class='ocr_line' id='line_1_20' title="bbox 195 2575 1175 2668; baseline -0.002 -26"><span class='ocrx_word' id='word_1_139' title='bbox 195 2599 292 2663; x_wconf 81' lang='lat' dir='ltr'>quam</span> <span class='ocrx_word' id='word_1_140' title='bbox 313 2580 480 2668; x_wconf 86' lang='lat' dir='ltr'>proposuit</span> <span class='ocrx_word' id='word_1_141' title='bbox 498 2575 682 2646; x_wconf 82' lang='lat' dir='ltr'>Huschkius</span> <span class='ocrx_word' id='word_1_142' title='bbox 708 2581 742 2644; x_wconf 89' lang='lat' dir='ltr'>in</span> <span class='ocrx_word' id='word_1_143' title='bbox 762 2575 846 2644; x_wconf 87' lang='lat' dir='ltr'>libro</span> <span class='ocrx_word' id='word_1_144' title='bbox 868 2602 897 2642; x_wconf 88' lang='lat' dir='ltr'>a.</span> <span class='ocrx_word' id='word_1_145' title='bbox 928 2577 1014 2641; x_wconf 68' lang='grc'>1847</span> <span class='ocrx_word' id='word_1_146' title='bbox 1036 2575 1175 2642; x_wconf 86' lang='lat' dir='ltr'>Berolini</span> 
     </span>
     <span class='ocr_line' id='line_1_21' title="bbox 196 2689 1179 2778; baseline -0.002 -22"><span class='ocrx_word' id='word_1_147' title='bbox 196 2689 294 2772; x_wconf 83' lang='lat' dir='ltr'>edita,</span> <span class='ocrx_word' id='word_1_148' title='bbox 316 2691 394 2756; x_wconf 79' lang='lat' dir='ltr'>siber</span> <span class='ocrx_word' id='word_1_149' title='bbox 413 2692 474 2756; x_wconf 75' lang='lat' dir='ltr'>den</span> <span class='ocrx_word' id='word_1_150' title='bbox 500 2691 622 2756; x_wconf 77' lang='lat' dir='ltr'>Census</span> <span class='ocrx_word' id='word_1_151' title='bbox 644 2691 711 2754; x_wconf 82' lang='lat' dir='ltr'>und</span> <span class='ocrx_word' id='word_1_152' title='bbox 727 2691 779 2754; x_wconf 83' lang='lat' dir='ltr'>dia</span> <span class='ocrx_word' id='word_1_153' title='bbox 799 2691 1102 2778; x_wconf 76' lang='lat' dir='ltr'>Steuerverfaasung</span> <span class='ocrx_word' id='word_1_154' title='bbox 1120 2691 1179 2754; x_wconf 86' lang='lat' dir='ltr'>der</span> 
     </span>
     <span class='ocr_line' id='line_1_22' title="bbox 186 2799 1176 2892; baseline -0.002 -24"><span class='ocrx_word' id='word_1_155' title='bbox 186 2805 330 2892; x_wconf 79' lang='lat' dir='ltr'>sniisern</span> <span class='ocrx_word' id='word_1_156' title='bbox 359 2803 448 2868; x_wconf 80' lang='lat' dir='ltr'>Iidm.</span> <span class='ocrx_word' id='word_1_157' title='bbox 473 2804 675 2884; x_wconf 76' lang='lat' dir='ltr'>Kaiaerzett‚</span> <span class='ocrx_word' id='word_1_158' title='bbox 702 2827 735 2892; x_wconf 89' lang='lat' dir='ltr'>p.</span> <span class='ocrx_word' id='word_1_159' title='bbox 759 2802 802 2868; x_wconf 71' lang='lat' dir='ltr'>st</span> <span class='ocrx_word' id='word_1_160' title='bbox 825 2803 860 2868; x_wconf 91' lang='lat' dir='ltr'>in</span> <span class='ocrx_word' id='word_1_161' title='bbox 874 2799 953 2866; x_wconf 80' lang='lat' dir='ltr'>adn.</span> <span class='ocrx_word' id='word_1_162' title='bbox 981 2801 1014 2866; x_wconf 91' lang='lat' dir='ltr'>Is</span> <span class='ocrx_word' id='word_1_163' title='bbox 1036 2803 1176 2890; x_wconf 88' lang='lat' dir='ltr'>suspica-</span> 
     </span>
     <span class='ocr_line' id='line_1_23' title="bbox 197 2913 1176 3010; baseline -0.002 -28"><span class='ocrx_word' id='word_1_164' title='bbox 197 2933 250 2982; x_wconf 90' lang='lat' dir='ltr'>tur</span> <span class='ocrx_word' id='word_1_165' title='bbox 270 2941 330 3007; x_wconf 87' lang='lat' dir='ltr'>pro</span> <span class='ocrx_word' id='word_1_166' title='bbox 356 2932 489 3008; x_wconf 84' lang='lat' dir='ltr'>aggerat</span> <span class='ocrx_word' id='word_1_167' title='bbox 507 2918 666 3010; x_wconf 81' lang='lat' dir='ltr'>geminata</span> <span class='ocrx_word' id='word_1_168' title='bbox 682 2914 786 2982; x_wconf 83' lang='lat' dir='ltr'>littera</span> <span class='ocrx_word' id='word_1_169' title='bbox 811 2913 1011 3006; x_wconf 73' lang='lat' dir='ltr'>praecedenti</span> <span class='ocrx_word' id='word_1_170' title='bbox 1033 2913 1176 2980; x_wconf 85' lang='lat' dir='ltr'>scriben-</span> 
     </span>
     <span class='ocr_line' id='line_1_24' title="bbox 197 3027 1178 3118; baseline 0 -22"><span class='ocrx_word' id='word_1_171' title='bbox 197 3030 276 3098; x_wconf 87' lang='lat' dir='ltr'>dum</span> <span class='ocrx_word' id='word_1_172' title='bbox 289 3055 354 3100; x_wconf 83' lang='lat' dir='ltr'>assa</span> <span class='ocrx_word' id='word_1_173' title='bbox 373 3031 522 3099; x_wconf 64' lang='lat' dir='ltr'>maeemt&#39;</span> <span class='ocrx_word' id='word_1_174' title='bbox 541 3034 562 3097; x_wconf 91' lang='lat' dir='ltr'>i.</span> <span class='ocrx_word' id='word_1_175' title='bbox 578 3055 605 3096; x_wconf 85' lang='lat' dir='ltr'>e.</span> <span class='ocrx_word' id='word_1_176' title='bbox 630 3044 842 3110; x_wconf 82' lang='lat' dir='ltr'>macerantur,</span> <span class='ocrx_word' id='word_1_177' title='bbox 857 3027 1020 3118; x_wconf 82' lang='lat' dir='ltr'>verbaque</span> <span class='ocrx_word' id='word_1_178' title='bbox 1041 3028 1084 3093; x_wconf 86' lang='lat' dir='ltr'>ita</span> <span class='ocrx_word' id='word_1_179' title='bbox 1098 3051 1178 3096; x_wconf 88' lang='lat' dir='ltr'>con-</span> 
     </span>
     <span class='ocr_line' id='line_1_25' title="bbox 198 3141 1174 3234; baseline -0.004 -24"><span class='ocrx_word' id='word_1_180' title='bbox 198 3146 316 3211; x_wconf 86' lang='lat' dir='ltr'>stituta:</span> <span class='ocrx_word' id='word_1_181' title='bbox 351 3144 433 3210; x_wconf 82' lang='lat' dir='ltr'>dona</span> <span class='ocrx_word' id='word_1_182' title='bbox 456 3145 675 3234; x_wconf 73' lang='lat' dir='ltr'>formataeque</span> <span class='ocrx_word' id='word_1_183' title='bbox 707 3151 742 3207; x_wconf 90' lang='lat' dir='ltr'>in</span> <span class='ocrx_word' id='word_1_184' title='bbox 769 3141 918 3208; x_wconf 84' lang='lat' dir='ltr'>tributum</span> <span class='ocrx_word' id='word_1_185' title='bbox 947 3159 1152 3206; x_wconf 71' lang='lat' dir='ltr'>nsosnnrnn</span> <span class='ocrx_word' id='word_1_186' title='bbox 1164 3191 1174 3222; x_wconf 92' lang='lat'><em>‚</em></span> 
     </span>
     <span class='ocr_line' id='line_1_26' title="bbox 198 3254 1176 3350; baseline 0 -28"><span class='ocrx_word' id='word_1_187' title='bbox 198 3281 298 3324; x_wconf 85' lang='lat' dir='ltr'>annus</span> <span class='ocrx_word' id='word_1_188' title='bbox 331 3265 363 3323; x_wconf 87' lang='lat' dir='ltr'>in</span> <span class='ocrx_word' id='word_1_189' title='bbox 378 3260 582 3350; x_wconf 85' lang='lat' dir='ltr'>frumentum</span> <span class='ocrx_word' id='word_1_190' title='bbox 609 3259 849 3346; x_wconf 78' lang='lat' dir='ltr'>interpretatur:</span> <span class='ocrx_word' id='word_1_191' title='bbox 883 3255 960 3321; x_wconf 87' lang='lat' dir='ltr'>“das</span> <span class='ocrx_word' id='word_1_192' title='bbox 992 3254 1176 3348; x_wconf 84' lang='lat' dir='ltr'>Vermogen</span> 
     </span>
     <span class='ocr_line' id='line_1_27' title="bbox 198 3367 1177 3464; baseline -0.007 -23"><span class='ocrx_word' id='word_1_193' title='bbox 198 3375 276 3441; x_wconf 82' lang='lat' dir='ltr'>nird</span> <span class='ocrx_word' id='word_1_194' title='bbox 298 3399 357 3442; x_wconf 88' lang='lat' dir='ltr'>zur</span> <span class='ocrx_word' id='word_1_195' title='bbox 377 3373 501 3454; x_wconf 81' lang='lat' dir='ltr'>Stenas,</span> <span class='ocrx_word' id='word_1_196' title='bbox 524 3371 581 3439; x_wconf 87' lang='lat' dir='ltr'>dar</span> <span class='ocrx_word' id='word_1_197' title='bbox 599 3371 814 3464; x_wconf 84' lang='lat' dir='ltr'>Jahresartrag</span> <span class='ocrx_word' id='word_1_198' title='bbox 828 3395 903 3436; x_wconf 86' lang='lat' dir='ltr'>zum</span> <span class='ocrx_word' id='word_1_199' title='bbox 918 3367 1080 3458; x_wconf 81' lang='lat' dir='ltr'>Zehanten</span> <span class='ocrx_word' id='word_1_200' title='bbox 1103 3393 1177 3435; x_wconf 87' lang='lat' dir='ltr'>aus-</span> 
     </span>
     <span class='ocr_line' id='line_1_28' title="bbox 198 3487 353 3580; baseline 0 0"><span class='ocrx_word' id='word_1_201' title='bbox 198 3487 353 3580; x_wconf 49' lang='lat' dir='ltr'>auhn?</span> 
     </span>
    </p>

    <p class='ocr_par' dir='ltr' id='par_1_4' title="bbox 199 3591 1179 4034">
     <span class='ocr_line' id='line_1_29' title="bbox 242 3591 1177 3693; baseline -0.006 -25"><span class='ocrx_word' id='word_1_202' title='bbox 242 3603 280 3668; x_wconf 88' lang='lat' dir='ltr'>In</span> <span class='ocrx_word' id='word_1_203' title='bbox 296 3603 453 3680; x_wconf 85' lang='lat' dir='ltr'>oratione,</span> <span class='ocrx_word' id='word_1_204' title='bbox 472 3623 573 3691; x_wconf 88' lang='lat' dir='ltr'>quam</span> <span class='ocrx_word' id='word_1_205' title='bbox 590 3596 740 3691; x_wconf 84' lang='lat' dir='ltr'>Agricola</span> <span class='ocrx_word' id='word_1_206' title='bbox 756 3597 797 3664; x_wconf 84' lang='lat' dir='ltr'>ad</span> <span class='ocrx_word' id='word_1_207' title='bbox 813 3591 928 3693; x_wconf 82' lang='lat' dir='ltr'>militas</span> <span class='ocrx_word' id='word_1_208' title='bbox 941 3593 1090 3662; x_wconf 82' lang='lat' dir='ltr'>habuisse</span> <span class='ocrx_word' id='word_1_209' title='bbox 1112 3595 1177 3662; x_wconf 87' lang='lat' dir='ltr'>iin-</span> 
     </span>
     <span class='ocr_line' id='line_1_30' title="bbox 199 3711 1177 3807; baseline -0.002 -27"><span class='ocrx_word' id='word_1_210' title='bbox 199 3716 283 3807; x_wconf 85' lang='lat' dir='ltr'>gitur</span> <span class='ocrx_word' id='word_1_211' title='bbox 298 3739 367 3804; x_wconf 82' lang='lat' dir='ltr'>cap.</span> <span class='ocrx_word' id='word_1_212' title='bbox 385 3716 427 3780; x_wconf 84' lang='lat'>33</span> <span class='ocrx_word' id='word_1_213' title='bbox 439 3737 503 3804; x_wconf 88' lang='lat' dir='ltr'>seq.</span> <span class='ocrx_word' id='word_1_214' title='bbox 514 3715 567 3780; x_wconf 88' lang='lat' dir='ltr'>bic</span> <span class='ocrx_word' id='word_1_215' title='bbox 578 3712 668 3780; x_wconf 84' lang='lat' dir='ltr'>locus</span> <span class='ocrx_word' id='word_1_216' title='bbox 683 3737 701 3777; x_wconf 90' lang='lat' dir='ltr'>a</span> <span class='ocrx_word' id='word_1_217' title='bbox 717 3713 936 3800; x_wconf 81' lang='lat' dir='ltr'>criticissaepe</span> <span class='ocrx_word' id='word_1_218' title='bbox 955 3711 1088 3777; x_wconf 82' lang='lat' dir='ltr'>et&#39;varie</span> <span class='ocrx_word' id='word_1_219' title='bbox 1105 3726 1177 3778; x_wconf 88' lang='lat' dir='ltr'>ten-</span> 
     </span>
     <span class='ocr_line' id='line_1_31' title="bbox 200 3823 1178 3914; baseline -0.002 -22"><span class='ocrx_word' id='word_1_220' title='bbox 200 3845 280 3898; x_wconf 87' lang='lat' dir='ltr'>tatus</span> <span class='ocrx_word' id='word_1_221' title='bbox 291 3845 356 3896; x_wconf 83' lang='lat' dir='ltr'>est:</span> <span class='ocrx_word' id='word_1_222' title='bbox 373 3837 520 3904; x_wconf 79' lang='lat' dir='ltr'>acerrimi</span> <span class='ocrx_word' id='word_1_223' title='bbox 529 3829 756 3895; x_wconf 82' lang='lat' dir='ltr'>Britannorum</span> <span class='ocrx_word' id='word_1_224' title='bbox 766 3835 830 3891; x_wconf 88' lang='lat' dir='ltr'>iam</span> <span class='ocrx_word' id='word_1_225' title='bbox 842 3825 968 3914; x_wconf 79' lang='lat' dir='ltr'>pridem</span> <span class='ocrx_word' id='word_1_226' title='bbox 985 3823 1178 3908; x_wconf 75' lang='lat' dir='ltr'>ceciderunt3</span> 
     </span>
     <span class='ocr_line' id='line_1_32' title="bbox 201 3937 1179 4034; baseline -0.006 -26"><span class='ocrx_word' id='word_1_227' title='bbox 201 3946 338 4034; x_wconf 82' lang='lat' dir='ltr'>reliquus</span> <span class='ocrx_word' id='word_1_228' title='bbox 355 3957 401 4008; x_wconf 82' lang='lat' dir='ltr'>est</span> <span class='ocrx_word' id='word_1_229' title='bbox 425 3965 572 4008; x_wconf 79' lang='lat' dir='ltr'>numerus</span> <span class='ocrx_word' id='word_1_230' title='bbox 590 3950 774 4032; x_wconf 74' lang='lat' dir='ltr'>ignavorum</span> <span class='ocrx_word' id='word_1_231' title='bbox 791 3951 823 4004; x_wconf 84' lang='lat' dir='ltr'>et</span> <span class='ocrx_word' id='word_1_232' title='bbox 844 3945 1056 4006; x_wconf 78' lang='lat' dir='ltr'>metuentium.</span> <span class='ocrx_word' id='word_1_233' title='bbox 1091 3937 1179 4024; x_wconf 80' lang='lat' dir='ltr'>Quos</span> 
     </span>
    </p>
   </div>
   <div class='ocr_carea' id='block_1_3' title="bbox 200 4050 1178 4226">
    <p class='ocr_par' dir='ltr' id='par_1_5' title="bbox 200 4050 1178 4226">
     <span class='ocr_line' id='line_1_33' title="bbox 200 4050 1178 4142; baseline -0.003 -22"><span class='ocrx_word' id='word_1_234' title='bbox 200 4053 285 4142; x_wconf 82' lang='lat' dir='ltr'>quad</span> <span class='ocrx_word' id='word_1_235' title='bbox 310 4054 448 4120; x_wconf 81' lang='lat' dir='ltr'>tandem.</span> <span class='ocrx_word' id='word_1_236' title='bbox 461 4062 641 4135; x_wconf 75' lang='lat' dir='ltr'>invenistis,</span> <span class='ocrx_word' id='word_1_237' title='bbox 672 4075 736 4118; x_wconf 88' lang='lat' dir='ltr'>non</span> <span class='ocrx_word' id='word_1_238' title='bbox 760 4058 958 4130; x_wconf 74' lang='lat' dir='ltr'>restiterunt,</span> <span class='ocrx_word' id='word_1_239' title='bbox 985 4051 1044 4116; x_wconf 80' lang='lat' dir='ltr'>sed</span> <span class='ocrx_word' id='word_1_240' title='bbox 1062 4050 1178 4140; x_wconf 80' lang='lat' dir='ltr'>dapm-</span> 
     </span>
     <span class='ocr_line' id='line_1_34' title="bbox 982 4165 1001 4226; baseline 0 0"><span class='ocrx_word' id='word_1_241' title='bbox 982 4165 1001 4226; x_wconf 78' lang='grc'><strong>4</strong></span> 
     </span>
    </p>
   </div>
   <div class='ocr_carea' id='block_1_4' title="bbox 0 0 1479 4902">
    <p class='ocr_par' dir='ltr' id='par_1_6' title="bbox 0 0 1479 4902">
     <span class='ocr_line' id='line_1_35' title="bbox 0 0 1479 4902; baseline 0 0"><span class='ocrx_word' id='word_1_242' title='bbox 0 0 1479 4902; x_wconf 95' lang='lat' dir='ltr'> </span> 
     </span>
    </p>
   </div>
  </div>
 </body>
</html>
