2914 4902
752 243 813 304 170

298 431 492 524 inquisivisse
509 428 538 514 ¹;
573 461 612 478 -
643 426 697 496 sed
727 437 970 517 quantacunque
1003 425 1036 490 in
1058 423 1107 491 his
1132 436 1177 493 est
1203 424 1282 494 fides

293 547 450 626 Aristidis,
475 568 536 612 nou
560 567 611 610 eos
634 541 766 625 iudicat,
793 541 848 632 qui
864 539 903 608 de
918 538 1070 606 industria
1084 549 1226 631 τοπικῷ,
1245 555 1281 608 ut

296 663 358 730 hoc
370 663 466 729 uerbo
481 673 561 740 utar,
579 656 804 724 commentario
816 657 1032 722 instruxerunt
1047 656 1187 722 carmina
1206 656 1284 722 Alc-

296 779 406 855 mauis,
423 774 475 842 sed
492 775 609 841 notarit
624 773 764 838 universe
779 772 999 868 grammaticos
1015 793 1087 838 suae
1099 772 1221 838 aetatis.
1244 771 1283 838 lu
1386 765 1387 790 ¹

297 894 347 960 his
371 905 474 958 autern
498 889 523 954 si
547 889 635 954 fuere
659 887 714 976 qui
737 886 855 954 bouum
887 887 986 952 otium
1011 898 1146 954 tererent
1166 887 1284 954 auxie-

298 1031 360 1098 que
382 1005 569 1071 desudarent
593 1003 624 1067 in
649 1001 721 1068 sede
743 999 934 1089 exquirenda
956 1003 1170 1083 Σκιᾱπόδων,
1187 1000 1286 1070 Ὠπο-

297 1123 431 1200 ituras,
453 1117 707 1204 Koounspdicw,
729 1123 962 1204 Μονομμάτων
981 1115 1176 1206 aliorumque
1198 1115 1285 1181 simi·
1386 1177 1387 1204 ,

296 1234 386 1314 lium,
413 1229 497 1298 idem
520 1229 559 1297 de
581 1229 758 1296 Alexandro
781 1242 917 1298 statuere
934 1252 1042 1296 vereor
1065 1253 1104 1297 ne
1121 1230 1283 1316 iniquum,

296 1371 337 1416 ue
359 1347 472 1414 fulsum
502 1346 550 1412 sit.
596 1345 669 1434 Egit
702 1344 829 1410 omnino
862 1341 1035 1410 Alexander
1060 1343 1099 1410 de
1130 1342 1284 1408 fabulosis

296 1461 364 1530 istis
391 1460 514 1528 Indiae
529 1458 673 1548 gentibus
690 1455 721 1538 ²,
756 1456 809 1523 sed
845 1457 1028 1524 Alcmenam
1059 1455 1221 1547 explicans
1254 1468 1286 1525 et

296 1574 445 1664 singulari
468 1595 563 1664 opere
586 1571 626 1638 de
648 1571 739 1639 ludia
762 1571 921 1639 absolrens
944 1571 1100 1640 abstinere
1122 1596 1140 1638 a
1170 1572 1285 1640 talibus

295 1713 359 1756 non
383 1689 499 1780 potnit.
548 1685 688 1754 Tandem
712 1685 885 1754 Alexander
909 1709 972 1754 nou
995 1685 1284 1777 ethuopraphionm

295 1805 555 1874 commentarium
580 1805 612 1868 in
632 1825 729 1870 unum
746 1803 905 1870 Alcmanis
921 1825 1058 1885 carmen,
1073 1802 1125 1870 sed
1141 1808 1284 1874 τοπικόν
1386 1878 1387 1882 ,

295 1923 329 1988 iu
353 1921 458 1988 omnia
480 1920 547 1986 eius
570 1925 717 2007 poemata
736 1918 874 2008 scripsit,
899 1919 931 1986 id
956 1918 1041 2008 quod
1066 1918 1113 1984 rel
1134 1940 1171 1982 ex
1188 1916 1284 1984 titulo

296 2035 395 2102 cuiris
425 2034 507 2100 foret
541 2033 761 2116 manifestum,
795 2034 820 2098 si
843 2034 1036 2100 contrarium
1061 2055 1191 2123 arguere
1218 2033 1286 2100 ira·

296 2162 422 2238 gmeuta
449 2145 641 2214 riderentur.
687 2147 799 2236 Neque
828 2147 960 2214 Alcman
985 2148 1018 2214 in
1045 2149 1114 2214 nnis
1136 2147 1285 2236 pentibus
1386 2141 1387 2144 '

296 2261 507 2344 mirabilibus,
533 2261 585 2328 sed
610 2263 642 2328 in
665 2261 733 2328 aliis
751 2261 1156 2353 plurimisgeographorum
1180 2275 1215 2330 et
1236 2260 1285 2328 hi·
1386 2349 1387 2356 ἵ

297 2377 485 2444 storicorum
504 2376 711 2466 explicatione
733 2378 856 2466 egebam
883 2377 982 2468 idq'ue
997 2379 1092 2444 etiarn
1108 2375 1285 2445 Schneide-
1386 2369 1387 2372 ¹

297 2493 398 2560 uiuus
421 2491 579 2559 coneedit.
628 2491 746 2579 Quodsi
769 2490 922 2560 eiusmodi
944 2492 1066 2560 fabellis
1083 2490 1179 2560 iidem
1192 2491 1283 2558 Alex·
1386 2573 1387 2578 ἵ

296 2606 391 2675 ander
414 2607 525 2676 habuit
542 2605 576 2692 ⁸,
594 2605 838 2698 dispiciendum,
858 2607 994 2674 fueritne
1014 2621 1101 2676 tauta
1111 2607 1283 2676 credulitas
1386 2689 1387 2708 Χ

298 2722 460 2813 scriptoris
484 2722 597 2790 sitium
620 2745 659 2788 au
683 2743 745 2812 quo
769 2721 845 2789 vixit
868 2721 947 2788 aeri.

544 2932 562 3016 §
586 2929 750 3014 22ιΠερὶ
775 2927 866 3006 ζώων
891 2929 1030 3014 ἱστορία.

347 3111 389 3178 Ut
414 3118 573 3201 Θαύματα
598 3121 639 3183 τὰ
662 3121 707 3194 εἷς
728 3119 862 3183 ἅπασαν
886 3121 946 3200 τὴν
962 3123 1023 3200 γῆν
1041 3112 1199 3203 collegisse
1217 3108 1283 3177 cat·
1386 3159 1387 3168 ,

299 3227 453 3294 limachus
486 3229 617 3296 fertur*
643 3241 675 3295 et
709 3239 813 3294 tamen
848 3249 987 3294 seorsum
1015 3228 1186 3318 disputarit
1211 3227 1282 3309 περὶ
1386 3253 1387 3285 ;

306 3419 466 3431 ———-

335 3539 358 3604 1)
374 3539 469 3588 Alexam
485 3547 561 3587 tamen
578 3553 625 3586 uon
642 3536 670 3586 de
687 3535 825 3590 susumus
840 3539 932 3592 locutus
948 3551 990 3606 ast,
1008 3552 1035 3592 ut
1053 3542 1085 3593 sit
1101 3543 1225 3605 Aristides,
1242 3537 1280 3590 ”A
1384 3589 1385 3618 ,

300 3631 523 3698 Στεγανόποδας
536 3639 625 3697 pentem
637 3631 766 3694 appellarit.
790 3631 824 3684 ct.
841 3632 983 3688 Schneidsw.
1000 3653 1023 3700 p.
1041 3633 1083 3686 22.

336 3725 358 3790 η
376 3725 408 3774 ur.
425 3726 521 3774 rasim
548 3727 613 3777 orer.
631 3724 682 3774 ru.
702 3723 754 3774 aas
768 3743 829 3791 sqq,
856 3745 915 3793 qm
929 3730 967 3779 vet
989 3730 1019 3780 aa
1035 3731 1124 3782 rusca
1144 3732 1168 3799 (u
1186 3729 1230 3798 12)
1245 3724 1280 3776 vet

300 3817 375 3881 potius
391 3815 421 3865 ad
439 3815 606 3879 θαυμασίων
623 3823 785 3888 συναγωγὴν
799 3823 822 3889 (5
840 3821 881 3888 19)
898 3823 1018 3887 pertinent.

335 3909 361 3977 ³)
379 3910 411 3963 Cf.
429 3910 522 3962 Photiua
546 3913 614 3967 aut
634 3910 691 3966 188.
708 3931 731 3980 p.
750 3913 801 3967 tte
817 3917 833 3964 lx
852 3915 893 3983 10,
911 3933 979 3982 quern
996 3919 1072 3994 locunt
1089 3916 1223 3984 uppenrod
1240 3909 1277 3975 19,

335 4003 498 4072 dmum
