2862 4894
686 399 704 460 5

185 576 410 656 obstiterunt,
425 589 456 646 el
473 582 546 670 quia
567 580 612 646 ria
627 581 795 647 tribunicia
814 533 1037 671 boununquam
1058 583 1185 650 libidini

185 693 318 757 restitit
342 692 510 760 consulari.
558 695 632 761 Non
654 707 844 784 potestatum
869 695 1106 775 dissimilitudo,
1130 697 1184 764 sed

184 807 378 872 animorum
410 807 578 875 disiunctio
607 809 830 876 dissensionem
865 812 950 877 lacit.
1006 815 1041 877 6.
1073 810 1183 900 ltaque

186 917 255 984 boc
280 921 390 986 animo
412 923 511 1013 legem
535 925 651 1015 sumpsi
676 926 707 990 iu
731 947 861 1005 manus,
886 939 921 992 ut
942 949 1010 994 eam
1034 949 1182 1016 cuperem

186 1055 258 1100 cese
290 1047 399 1124 aptam
430 1039 540 1128 populi
564 1038 696 1106 Romani
730 1040 924 1121 commodis,
947 1055 977 1107 et
1001 1042 1179 1121 eiusmodi,

185 1171 290 1238 quam
315 1151 437 1232 consul,
453 1177 506 1236 re,
531 1177 594 1220 nou
616 1155 777 1235 oratione,
798 1157 979 1246 popularis,
996 1169 1027 1222 et
1051 1155 1181 1222 honeste

185 1275 221 1328 et
247 1263 387 1330 libenter
410 1280 512 1356 posset
535 1267 714 1337 defendere.
762 1273 868 1360 Atque
884 1295 941 1361 ego
966 1295 982 1335 a
1005 1270 1110 1360 primo
1130 1291 1181 1336 ca·

185 1379 257 1466 pite
280 1377 378 1466 legis,
403 1403 502 1472 usquo
530 1382 568 1448 ad
599 1397 795 1468 extremum,
821 1386 962 1475 reperio,
988 1384 1075 1450 uibil'
1094 1384 1180 1450 alind

187 1493 383 1577 cogitatum,
407 1497 488 1563 nibil
511 1496 596 1564 aliud
620 1511 823 1589 susceptum,
847 1497 927 1564 nibil
950 1497 1035 1564 aliud
1059 1510 1178 1576 actum,

188 1611 252 1674 nisi
276 1623 314 1676 nt
336 1612 446 1678 decem
470 1635 573 1702 reges,
598 1615 730 1691 aerarii,
754 1613 975 1703 uectigalium,
1001 1614 1180 1702 prorinoia·

191 1745 261 1790 rum
286 1726 445 1805 omnium,
470 1727 564 1792 totius
586 1727 630 1792 rei
655 1726 820 1815 publicae,
845 1749 1033 1815 regnorum,
1058 1727 1178 1792 libero-

194 1857 260 1902 rum
289 1840 502 1928 populorum,
529 1839 614 1906 orbis
635 1837 770 1928 denique
795 1853 948 1906 terrarum
971 1839 1180 1906 dominicon·

203 1952 416 2034 diluerentur,
441 1953 516 2042 legis
539 1953 679 2041 agrariae
703 1953 904 2019 simulatione
926 1963 1022 2041 atque
1042 1951 1179 2018 nomine.

207 2067 233 2129 7,
244 2064 399 2157 Scriptum
419 2067 431 2106 ²
449 2080 515 2132 erat
538 2067 636 2132 enim:
662 2067 751 2154 Qvnn
775 2085 810 2134 rr
832 2053 1010 2146 nrurcirrn,
1036 2085 1179 2146 ornsorn

200 2195 229 2243 tr
246 2197 397 2250 catonus
421 2197 599 2248 nncnnrrnt
616 2199 739 2264 anatur,
763 2201 936 2249 nnutctttr
949 2199 1088 2248 concitus
1100 2197 1178 2260 otus

181 2295 315 2360 'mrum
338 2315 380 2362 nr
395 2316 435 2363 ns
452 2313 554 2362 annos
571 2295 747 2376 arsionum,
772 2316 884 2377 ovinas
898 2315 931 2362 nt
942 2313 1032 2364 nocis
1046 2313 1175 2362 vantur:

197 2417 246 2484 at,
270 2431 365 2498 quum
399 2423 495 2476 totam
526 2411 648 2477 ltaliam
674 2412 829 2477 militibus
859 2413 922 2477 suis
955 2423 1176 2500 occupassent,

196 2525 280 2588 nobis
303 2547 364 2590 non
389 2525 483 2590 modo
506 2523 665 2613 dignitatis
687 2526 878 2605 retinendae,
901 2523 953 2591 sed
972 2547 1010 2590 ne
1021 2525 1176 2591 libertatis

193 2637 314 2726 quidem
337 2639 570 2728 recuperandae
585 2661 655 2728 sper
667 2639 911 2729 relinqueretur.
939 2635 1077 2726 Capuam
1097 2638 1174 2704 ²de-

193 2751 261 2817 duci
279 2753 404 2819 colonos
418 2753 579 2820 nolebant:
604 2753 687 2818 illam
702 2751 900 2818 urbembuic
917 2751 988 2817 urbi
1000 2775 1104 2817 rursus
1117 2773 1173 2841 op·

192 2885 318 2952 ponere,
334 2867 410 2933 illuc
425 2889 499 2957 opes
520 2891 587 2932 suas
603 2868 736 2946 deferre,
754 2881 785 2934 ct
804 2869 929 2958 imperii
945 2889 1059 2932 nomen
1076 2878 1174 2930 trans-

192 2979 267 3048 lerte
290 2983 491 3071 cogitabanta
517 2984 572 3072 qui
596 2983 702 3062 locus,
728 2994 859 3073 propter
884 2976 1169 3068 ubertatem'agro·

190 3113 254 3158 rum
281 3095 569 3185 abundantiamque
597 3117 702 3161 acrum
728 3097 891 3176 omnium,
930 3095 1107 3185 superbiam
1138 3104 1169 3158 et

189 3206 400 3275 crudelitatem
425 3211 566 3297 genuisse
589 3207 724 3288 dicitur,
749 3209 794 3273 ibi
818 3207 1098 3288 nostroscolonos,
1114 3203 1169 3272 do·

187 3317 280 3386 lectos
303 3320 342 3387 ad
366 3345 458 3388 omne
488 3324 628 3401 lacinus,
652 3321 829 3388 Decemviri
854 3333 943 3388 erant
966 3319 1166 3386 collocuturi.

184 3432 250 3500 ln'
280 3435 332 3518 id,
359 3437 512 3527 inquam,
538 3434 690 3526 oppidum
713 3435 858 3502 homines
882 3435 993 3502 nefarii
1018 3455 1084 3498 rem
1108 3453 1167 3520 pu·

182 3545 296 3616 blicam
320 3561 460 3616 nostram
482 3549 647 3616 transferre
668 3549 878 3627 conabantur,
904 3563 968 3638 quo
989 3548 1026 3612 in
1048 3543 1165 3636 oppido

180 3663 312 3730 maiores
333 3666 432 3731 nostri
452 3665 569 3730 nullam
595 3665 724 3730 omnino
752 3687 817 3730 rem
843 3664 1002 3755 publicam
1024 3681 1088 3729 erse
1112 3681 1166 3723 to·

179 3776 313 3845 lucrum.
362 3783 392 3846 8.
417 3777 529 3845 Videte
546 3779 578 3858 ⁴,
602 3791 755 3868 quantum
780 3778 978 3845 intervallum
1003 3779 1047 3844 ait
1068 3775 1163 3841 inter·

176 3947 323 3962 m

191 4035 277 4107 'llas
299 4043 322 4093 t.
343 4040 438 4107 Agraria
469 4041 494 4090 1.
513 4056 538 4090 a.
564 4039 597 4089 6.
616 4037 691 4106 ult.
718 4066 750 4079 -
770 4039 958 4110 ²)1bid.§tt3,
984 4069 1017 4082 ..
1042 4039 1066 4101 a)
1083 4038 1111 4084 a,
1135 4036 1158 4084 ι,

176 4135 270 4200 apuu
282 4137 313 4186 n.
332 4152 353 4185 a
371 4131 414 4184 32
431 4131 446 4199 o
462 4130 504 4183 ur.
521 4151 554 4175 -
572 4132 595 4200 a)
612 4118 672 4184 baa.
690 4148 710 4183 a.
729 4131 797 4199 aar
813 4132 854 4185 cs.
