2862 4894
745 361 765 422 6

266 550 382 614 lectum
410 545 491 612 iuter
520 514 675 610 maiorirm
706 557 883 612 nostrorum
919 547 1063 625 consilia,
1097 560 1129 613 et
1161 548 1241 614 inter

267 663 397 730 istorum
423 659 587 728 hominum
612 659 818 728 dementiam!
846 660 898 727 Illi
922 659 1078 749 Capuam,
1101 676 1243 752 recepta-

268 777 375 844 culum
399 787 579 856 aratorum‚
604 776 760 841 nundinas
782 776 991 853 rusticorum,
1016 775 1126 841 cellam
1149 789 1244 866 atque
1276 788 1283 806 ¹

266 890 414 957 borreum
441 889 593 980 Campani
623 892 690 979 egri
718 913 783 956 esse
816 890 999 955 voluerunt:
1031 889 1083 969 hi,
1114 891 1247 980 expulsis

266 1007 459 1088 aratoribus,
485 1007 588 1074 effusis
611 1029 647 1072 ac
669 1005 825 1096 dissipatis
849 1006 1004 1072 lructibus
1027 1006 1151 1087 nostris,
1165 1027 1248 1070 eam·

267 1118 339 1186 dem
363 1118 502 1208 Capuam
526 1118 629 1185 sedem
649 1141 747 1186 norae
764 1119 809 1184 rei
834 1119 980 1207 publicae
1003 1118 1245 1201 constituebant,

267 1234 383 1301 molem
407 1247 516 1299 contra
540 1245 676 1300 seterem
700 1256 766 1300 rem
791 1233 950 1322 publicem
975 1232 1206 1323 comparabant.

314 1457 377 1528 lll.
401 1463 436 1525 9.
471 1457 555 1524 llis¹
581 1483 639 1547 ego
665 1459 758 1526 rebus
789 1460 892 1526 restiti
923 1459 1124 1526 vehementer
1153 1471 1249 1548 atque

271 1571 403 1649 acriter,
427 1595 530 1662 neque
551 1595 656 1663 passus
678 1595 765 1652 rum,
791 1572 933 1640 homines
954 1597 1008 1654 ea,
1031 1597 1082 1640 me
1104 1573 1246 1655 consule,

272 1707 472 1776 expromere,
491 1711 571 1778 quae
588 1699 697 1754 contra
718 1709 783 1754 rem
800 1688 960 1777 publicam
976 1688 1031 1754 diu
1054 1689 1252 1776 cogitassent.

273 1803 406 1868 Lacesso
429 1801 558 1870 Rullum
582 1815 615 1868 et
639 1801 789 1890 collegam
810 1803 847 1874 ⁴iu
869 1802 1052 1868 concionem
1072 1823 1169 1878 roco;
1194 1822 1253 1889 po-

274 1915 352 2004 pulo
375 1915 516 1984 Romano
539 1915 748 2006 disceptatore
771 1917 819 1982 uti
836 1915 916 1982 rolo.
962 1915 1121 1984 Confirmo
1138 1915 1168 1994 ²,
1194 1914 1253 1980 hac

273 2031 342 2118 lege
366 2031 500 2118 agraria,
523 2029 655 2120 pulchre
678 2043 772 2120 atque
795 2030 961 2119 populari,
981 2029 1047 2096 dari
1073 2029 1192 2119 populo
1208 2029 1255 2094 ni·

275 2143 344 2224 bil,
365 2143 538 2210 condonari
562 2146 657 2212 certis
674 2143 858 2211 hominibus
879 2145 1002 2222 omnia;
1028 2144 1177 2211 ostentari
1199 2165 1255 2233 pc-

276 2256 354 2348 pulo
369 2255 510 2325 Romano
527 2283 629 2348 agros,
644 2260 725 2349 eripi
740 2259 835 2326 etiarn
851 2258 1029 2325 libertatem
1042 2283 1049 2340 ;
1064 2260 1255 2348 privatorum

276 2371 428 2462 pecunias
456 2375 580 2460 augeri,
607 2373 750 2464 publicas
780 2371 960 2452 exhauriri3
993 2371 1146 2462 denique,
1172 2369 1252 2461 quod

278 2497 324 2552 est
343 2484 612 2573 indignissimum,
631 2509 688 2576 per
707 2487 871 2554 tribunum
887 2486 998 2577 plebis,
1014 2509 1108 2576 quem
1126 2487 1257 2551 maiores

278 2595 460 2690 praesidem¹
475 2598 630 2666 libertatis
646 2600 873 2690 custodemque
890 2621 956 2666 esse
976 2599 1152 2680 roluerunt,
1172 2619 1256 2686 repes

277 2713 456 2783 incivitate
476 2715 637 2782 constitui.
684 2718 739 2782 tu.
760 2713 874 2802 Ergo*
900 2712 1024 2802 qualem
1043 2711 1191 2779 Kalendis
1205 2713 1257 2779 la-

278 2827 398 2894 nuariis
409 2828 584 2917 acciperem
600 2827 861 2918 rempublicam,
878 2825 1089 2915 intelligebam
1103 2854 1111 2904 ;
1133 2827 1257 2916 plenam

280 2939 516 3022 sollicitudinis,
542 2939 668 3029 plenam
687 2942 828 3010 timoris:
849 2942 881 3006 in
905 2963 965 3030 que
982 2939 1064 3008 nihil
1086 2951 1153 3006 erat
1169 2939 1255 3022 mali,

280 3054 361 3122 nihil
380 3054 517 3132 adversi,
541 3055 625 3145 quod
647 3079 711 3124 nou
735 3057 812 3123 boui
830 3067 1025 3135 metuerent,
1049 3055 1187 3143 improbi
1208 3077 1259 3120 er·

281 3181 470 3257 spectarent.
503 3165 614 3236 Omnia
635 3169 816 3238 turbulenta
837 3169 964 3235 consilia
988 3181 1094 3234 contra
1112 3167 1196 3234 bunc
1214 3168 1260 3233 rei

280 3282 430 3372 publicae
459 3295 590 3360 statum,
620 3297 652 3351 et
683 3297 793 3352 contra
826 3282 992 3373 publicum
1021 3283 1120 3346 otium
1147 3281 1261 3370 partim

281 3397 371 3476 iniri,
400 3398 534 3487 partim,
562 3398 655 3464 uobis
673 3398 852 3466 consulibus
874 3395 1063 3483 designatis,
1087 3395 1166 3459 inita
1196 3416 1260 3460 esse

284 3507 479 3578 dicebantur.
525 3510 656 3579 Sublata
679 3527 745 3580 erat
768 3511 807 3578 de
829 3512 897 3576 foro
921 3507 1014 3586 fides,
1035 3529 1097 3574 non
1120 3508 1187 3573 ictu
1206 3509 1264 3573 ali·

286 3647 350 3714 quo
369 3647 467 3692 nosne
482 3626 686 3706 calamitatis,
703 3625 756 3693 sed
772 3625 951 3714 suspicione
974 3644 1010 3686 ac
1029 3620 1266 3711 perturbatione

286 3737 490 3820 iudiciorum,
523 3742 734 3808 infirmatione
767 3760 873 3806 rerum
901 3734 1131 3801 iudicatarum:
1168 3755 1266 3800 norae

286 3905 449 3920 D--n

323 4002 346 4069 ι)
363 3996 728 4066 a01.m.eat.e.r.sze
747 4023 779 4036 -
797 3996 820 4062 ι)
837 3994 1004 4060 aarum
1022 3993 1265 4059 incesto.-

288 4090 541 4158 omem&
824 4081 828 4092 '
