2772 4902
748 360 791 422 dl

272 553 393 641 spicere
417 563 448 615 et
477 551 604 615 nimiam
630 549 660 612 in
687 549 723 612 iis
746 555 893 612 coercere
918 544 1094 624 luxuriam,
1128 563 1195 631 qua
1227 539 1271 607 de

272 689 307 732 re
328 662 414 734 uidd.
439 663 566 728 omnino
583 663 757 748 fragmento,
771 659 853 748 apud
873 657 987 724 Athen.
1010 656 1067 725 Vl.
1101 659 1191 722 dhet
1211 655 1272 720 46.

271 777 405 845 Omnino
425 776 530 866 quales
551 777 666 842 luerint
684 774 898 863 magistratus,
918 773 1036 861 optime
1066 769 1269 860 perspicitur

269 914 306 958 ex
334 891 405 956 loco
432 889 535 957 Cicer.
563 889 602 954 de
630 889 710 978 llep.
734 888 782 952 ed.
799 887 907 952 Moser.
929 909 958 975 p.
984 885 1068 963 tun,
1100 882 1156 948 nbi
1187 903 1269 947 cum

271 1003 460 1072 Censoribus
475 1003 623 1069 Romanis
647 1025 698 1067 eos
718 1002 900 1091 componit,
922 1023 958 1066 es
984 1021 1047 1089 quo
1079 998 1147 1063 loco
1162 995 1270 1062 simul

269 1141 365 1208 quem
379 1140 491 1206 parurn
512 1117 643 1183 remedii
675 1116 750 1181 tales
768 1117 982 1204 magistratus,
999 1127 1034 1179 ut
1053 1114 1118 1179 lere
1134 1133 1269 1200 semper

269 1255 377 1300 omnes
398 1233 479 1321 leges
497 1232 700 1309 sumtuoriae,
726 1232 892 1296 attulerint
915 1229 1066 1320 suspicari
1087 1227 1172 1292 lieet.
1210 1223 1268 1293 Gi.

269 1347 399 1434 Dionys.
424 1345 524 1413 Halic.
548 1347 623 1410 Ant.
643 1343 737 1414 Rom.
761 1346 805 1414 ll.
836 1369 869 1436 p.
892 1349 948 1412 95.

315 1463 459 1549 Quonam
499 1483 572 1527 sero
605 1471 747 1548 tempore
786 1457 919 1525 Athenis
951 1457 1090 1547 primurn
1119 1453 1268 1521 instituti

269 1576 388 1642 luerint
409 1575 440 1640 hi
469 1575 687 1664 magistratus,
712 1595 823 1663 parum
849 1587 935 1640 certo
955 1583 1087 1640 constat.
1134 1568 1186 1635 td
1210 1593 1270 1634 an·

269 1690 443 1779 liquissima
468 1689 537 1754 illos
575 1711 635 1753 non
666 1688 853 1776 pertinuisse
890 1701 1048 1778 tempora,
1073 1685 1266 1777 purioribus

268 1804 363 1870 etiarn
393 1814 468 1869 tunc
500 1803 656 1881 mosibus,
688 1802 738 1868 rel
762 1825 798 1867 ex
823 1801 889 1891 ipsa
911 1802 1061 1869 similium
1092 1801 1266 1889 magistra-

269 1931 358 1984 tuum
369 1931 479 1984 ualura
489 1918 701 2006 perspicitur:
717 1917 780 1982 imo
793 1913 991 1994 Plutarchus,
1006 1912 1061 1980 ubi
1074 1913 1184 1981 Solon.
1199 1918 1261 1996 21,

268 2030 350 2120 leges
366 2030 491 2097 Solonis
502 2029 541 2096 de
558 2031 747 2098 laminarum
762 2029 848 2098 exitu
865 2022 889 2111 ¹,
915 2029 1075 2096 luotucet.
1091 2041 1262 2108 recenset,

269 2145 309 2214 de
336 2143 461 2212 Boeotis
484 2143 612 2210 demum
640 2144 749 2210 addite
783 2139 831 2214 ὧν
868 2146 1072 2214 τὰπλεῖστα
1105 2148 1161 2211 sul
1188 2153 1263 2222 τοῖς

266 2259 435 2346 ἡμετέροις
450 2266 560 2344 νόμοις
575 2263 812 2346 ἀπηγόρευται.
824 2266 1013 2346 πρόσκειται
1034 2260 1070 2324 δὲ
1088 2266 1157 2335 τοῖς
1179 2267 1261 2344 ἡμι-

269 2375 393 2460 τέροις,
426 2375 623 2460 ζημιοῦσθαι
650 2377 724 2452 τούς
752 2381 857 2442 ταῦτα
883 2381 1063 2449 ποιοῦντας
1090 2377 1154 2440 ὑπὸ
1188 2377 1261 2466 τῶν
1381 2385 1382 2400 ’

269 2492 522 2572 γυναικονόμων
556 2491 600 2565 ὥς
626 2487 804 2576 ἀνάνδροις
838 2491 895 2556 καὶ
930 2487 1147 2572 γυναικώδεσι
1186 2495 1261 2565 τοῖς

268 2605 342 2688 περὶ
367 2605 409 2670 sd
427 2601 540 2689 πένθη
558 2606 753 2670 adusserat
773 2607 1004 2690 ἁμαρτήμασιν
1026 2600 1258 2690 ἐνεχομένους.

271 2713 316 2780 tte
338 2713 406 2802 lege
424 2713 632 2804 Philippidis,
658 2715 699 2794 si,
722 2713 807 2804 quod
832 2737 895 2782 non
916 2712 1110 2792 dubitamus,
1134 2712 1174 2779 ad
1196 2743 1260 2800 yo-

269 2833 486 2915 ναιιισνόμινς
508 2840 556 2894 est
582 2828 765 2908 referenda,
792 2831 867 2894 item
897 2826 937 2894 de
963 2826 1145 2915 fragmentis
1168 2827 1258 2918 apud

270 2939 385 3007 Athen.
409 2941 433 3006 l.
459 2941 480 3008 l.
514 2955 654 3032 tempora
679 2943 752 3008 satis
780 2955 947 3022 constant,
973 2942 1092 3032 quippe
1113 2954 1146 3008 et
1168 2941 1258 3034 apud
1380 2959 1381 2972 ³

270 3054 442 3121 Timoclem
461 3070 492 3120 et
516 3055 719 3123 Menandrum
742 3063 839 3145 νόμος
857 3057 974 3122 dicitur
996 3066 1129 3138 ιιιιινός,
1156 3079 1258 3148 quare

272 3169 445 3236 verosimile
468 3169 591 3236 ridetur
611 3192 685 3236 eum
708 3169 890 3248 Boeekhio,
914 3171 1076 3237 'sibenden
1101 3170 1175 3236 Plan
1199 3171 1258 3236 der

268 3281 373 3349 tulis
403 3281 459 3348 des
489 3282 693 3350 Philochorus
722 3309 754 3374 p.-
787 3289 850 3362 24,
885 3308 937 3352 eos
961 3284 1000 3350 ad
1024 3284 1255 3368 Macedonica,

270 3397 419 3464 Demetrii
449 3397 589 3464 Phalerei
616 3400 746 3466 sortasse
771 3411 932 3488 tempora,
965 3422 1030 3464 esse
1053 3399 1256 3476 referendos,

268 3535 368 3601 eoque
394 3515 491 3602 magis
515 3513 599 3603 quod
631 3527 703 3580 aute
739 3513 816 3580 haec
853 3527 992 3603 tempora
1029 3514 1140 3580 nullibi
1168 3511 1255 3604 quod
1379 3531 1380 3549 ¹

269 3629 364 3691 sciam
396 3641 477 3692 certa
504 3651 612 3692 eorum
638 3632 674 3692 lit
696 3629 825 3694 mentio.
874 3627 1040 3693 Alexandri
1062 3629 1162 3716 Magni
1187 3629 1253 3693 lere

308 3926 484 3992 1)Ἐξὸδους
509 3935 683 3994 γυναικείους
708 3946 754 3978 non
772 3931 904 3994 simpliciter
920 3929 949 3978 ds
966 3931 1044 3994 snitu,
1062 3931 1101 3980 sad
1119 3932 1209 3994 ssepius
1226 3929 1255 3976 sls

271 4039 351 4084 pompe
371 4023 459 4072 solenni
478 4033 501 4071 et
517 4023 630 4071 similibus
646 4023 700 4080 diei,
717 4035 778 4085 patet
795 4041 821 4070 en
841 4023 897 4072 loeis
915 4023 994 4087 Polyb.
1013 4025 1092 4088 lragm.
1112 4026 1137 4072 l„
1157 4023 1254 4082 xxxn,

274 4116 305 4164 12
323 4127 345 4164 et
366 4117 404 4166 ll.
442 4117 498 4164 l'lst.
515 4115 543 4162 de
564 4117 631 4179 Legg.
649 4117 677 4164 lt
696 4133 746 4180 pag.
764 4114 824 4180 78l,
843 4117 867 4166 Ε.
886 4116 997 4181 Theophr.
1024 4119 1125 4168 Charsct.
1141 4119 1193 4180 Cap.
1212 4113 1253 4162 22.
