2994 4900
708 347 859 448 eo‘

232 567 321 660 ἢέν
343 567 585 658 Πρυτανεάου
613 564 882 644 καταδικασθέντες
907 563 978 633 ont
1002 569 1077 634 τῶν
1099 569 1216 635 Βασι-

233 679 334 752 idere
361 682 413 748 dni
440 675 526 772 φάνρν
554 673 577 766 ἢ
603 683 767 766 σφαγαῖσιν
797 673 821 764 ἢ
847 677 898 744 tut
923 675 1074 765 τυραννίδι
1091 672 1216 760 ἔφυγον,

233 799 283 873 ὅτε
302 802 419 890 θεσμάς
436 800 535 891 ἐφάνη
554 796 615 870 ὅδε.
657 803 730 884 Quo
752 799 823 866 loeo
841 799 978 866 adducto
1001 823 1069 864 non
1087 821 1217 887 possum

234 917 318 1006 quin
351 914 452 982 verbo
479 937 646 993 moneam,
680 911 947 1004 Schoemennumv
973 934 1042 978 non
1070 910 1218 979 debuine

234 1027 402 1111 dubitare,
422 1051 505 1094 num
523 1045 596 1118 post
613 1026 882 1107 καταδικασθέντες
901 1025 1051 1116 ponende
1061 1027 1101 1094 sit
1118 1026 1217 1114 pmi-

234 1139 311 1208 cula
329 1136 363 1230 ἢ.
405 1141 502 1225 Quod
522 1144 612 1208 enim
630 1141 760 1208 dudum
773 1141 854 1206 vidit
866 1140 1021 1206 Luneoius
1035 1138 1088 1229 (es.
1100 1137 1218 1207 Siniter

234 1253 279 1322 ed
296 1251 423 1320 Andoe.
444 1253 484 1320 de
504 1254 602 1348 Myet.
617 1279 650 1344 p.
663 1255 705 1320 37
722 1250 859 1342 noete,
873 1251 964 1343 quod
978 1251 1219 1320 Sohoemennne

236 1367 305 1455 ipee
323 1363 400 1432 olibi
425 1367 561 1434 coniecit
589 1365 670 1455 (Att.
691 1366 784 1432 Proo.
807 1389 840 1455 p.
862 1365 906 1430 to
928 1389 962 1430 n.
984 1365 1056 1452 36),
1075 1363 1219 1432 Andnoi·

235 1477 294 1546 des
315 1503 355 1546 ex
378 1477 570 1560 Plutarcho,
592 1503 661 1546 non
686 1478 739 1544 hic
768 1501 807 1546 ex
836 1475 891 1544 iiio
921 1477 1142 1546 emendandus
1163 1493 1219 1546 eet

235 1593 342 1677 Quid,
365 1593 456 1683 quod
476 1589 763 1684 in'reqeenttbus,
785 1593 1011 1680 praetermissis
1030 1595 1221 1676 Βασιλεῦσιν,

235 1708 463 1797 Ἀρεοπαγίτας,
478 1707 621 1794 Ἤφέτας,
643 1701 823 1796 Πρυτάνεις,
844 1723 941 1796 atque
963 1707 1049 1774 adeo.
1062 1709 1122 1772 trin
1146 1723 1220 1774 ten-

237 1836 310 1886 tntn
343 1843 460 1912 genera
490 1820 636 1886 iudicum
664 1819 856 1888 Plutarchus
883 1819 1131 1888 commemoret?
1174 1821 1222 1888 Ut

236 1957 315 2000 vero
338 1934 380 2000 ad
400 1959 469 2002 rem
491 1934 635 2015 veniam,
657 1935 756 2024 possit
777 1933 902 2002 Solonis
922 1933 1053 2021 θερμάς,
1074 1935 1141 2001 eive'
1152 1935 1222 2000 iure

237 2069 296 2114 eeu
319 2048 453 2128 iniuria,
478 2071 537 2136 pro
559 2047 722 2116 Herodoto
746 2045 868 2130 efferri,
895 2048 937 2116 de
961 2047 1025 2114 iide
1046 2045 1222 2114 Aristotelio

238 2159 407 2228 detrahere
428 2157 521 2228 nullo
543 2177 646 2251 poteet
666 2161 774 2229 modo.
815 2163 857 2230 Oi
875 2166 910 2232 ἔτι
926 2164 1113 2254 Πρυτανεῖον
1130 2189 1223 2234 νοτυ-

238 2272 433 2356 δωσθάντες
453 2276 516 2344 tut
534 2281 596 2346 τῶν
612 2276 772 2346 Βασιλέων
797 2293 874 2346 sunt
901 2285 935 2342 ἰει
963 2277 1124 2363 Prytaneo
1146 2301 1223 2344 eon·

238 2387 391 2468 damnati,
409 2389 483 2454 dum
497 2387 728 2478 praesidebant
743 2391 860 2458 tudieto
878 2391 991 2481 Reges.
1019 2389 1073 2459 Sic
1090 2413 1223 2482 quoque

238 2501 361 2592 aceepit
381 2501 504 2570 Graeee
523 2501 767 2570 Sohoemennus
784 2503 845 2570 1.1.
868 2528 901 2595 p.
924 2507 977 2574 tt.
1011 2503 1062 2572 Ci.
1083 2503 1223 2572 Pollucis

238 2629 428 2704 excerptum
449 2613 532 2682 infra
552 2615 769 2682 scribendum.
813 2617 883 2684 Neo
908 2617 1088 2710 quidquem
1112 2641 1224 2686 enneee

239 2743 302 2809 est,
325 2751 385 2796 cur
406 2743 537 2818 propter
558 2727 700 2818 Ephetas
722 2753 865 2796 seorsum
886 2732 1066 2798 nominatos
1078 2729 1223 2799 Wester·

238 2863 380 2910 mannus
403 2841 532 2934 cogitari
548 2857 640 2908 -vetet
658 2840 699 2908 de
714 2841 834 2908 iudicio
853 2845 906 2916 ini
919 2845 1114 2939 flporeorip,
1134 2843 1224 2935 quod

239 2955 368 3024 dieitur.
419 2954 472 3024 Sic
506 2955 667 3050 Areopagi
702 2977 835 3046 quoque
867 2959 922 3024 vix
955 2973 1137 3048 opportuna
1169 2957 1225 3024 iint

239 3071 379 3151 mentio,
401 3068 563 3160 siquidem
580 3067 646 3136 illio
662 3070 758 3136 etiam
775 3093 814 3144 ex
831 3069 987 3140 Draconis
1006 3071 1151 3140 instituto
1171 3072 1224 3140 iu·

240 3181 394 3252 dicebant
411 3181 566 3272 Epirotae.
610 3181 681 3251 Hoc
696 3181 836 3250 dubium
850 3201 912 3266 eet,
935 3184 1057 3253 iudices
1070 3183 1127 3267 iiii,
1142 3208 1224 3276 quoe

241 3313 367 3386 praeter
389 3295 543 3376 Βασιλέας
568 3296 603 3360 in
630 3296 790 3386 Prytaneo
814 3297 922 3364 sedere
945 3297 1051 3364 Drtoo
1072 3299 1180 3378 iussit,
1204 3321 1224 3367 ο

240 3407 416 3476 Plutarcho
436 3425 562 3476 rectene
580 3407 783 3499 appellentur
803 3411 986 3501 Πρυτάνεις,
1007 3435 1049 3478 en
1067 3411 1143 3478 inde
1159 3409 1223 3477 iin-

241 3539 336 3616 gatur
355 3507 487 3604 nomen,
503 3523 594 3614 qood
612 3527 665 3594 tut
684 3529 862 3620 Πρυτανείῳ
882 3527 1069 3592 iudicarent.
1091 3523 1156 3593 Sed
1173 3523 1223 3596 seo
1359 3606 1361 3618 Ι

241 3635 421 3728 legitimum
449 3635 546 3706 tuisse
574 3661 715 3719 nomen,
748 3663 817 3706 non
837 3639 970 3730 ,liquet,
998 3663 1066 3730 quo
1093 3639 1223 3714 tereti

242 3749 411 3838 Πρυτάνεις
440 3751 537 3818 iidem
563 3751 746 3822 habeantur
779 3754 836 3843 qui
866 3745 1023 3842 Πρυτάνις
1050 3753 1222 3837 Herodoti,

243 3977 396 4067 vidimus)
418 3979 483 4044 sint
499 4003 558 4070 pro
578 3980 665 4050 tnta
676 3987 862 4068 Ἀρχονσιν,
882 3997 919 4046 ut
936 3979 1025 4054 suere
1040 3985 1224 4073 grammati-

244 4093 298 4160 cis.
335 4093 424 4162 Tum
439 4096 526 4162 enim
543 4095 698 4164 Praefecti
716 4102 779 4166 τῶν
791 4093 984 4186 Ναεοιράραν
995 4097 1060 4166 sive
1073 4095 1225 4189 Πρυτάνις
