<?xml version="1.0" encoding="UTF-8"?>
<!DOCTYPE html PUBLIC "-//W3C//DTD XHTML 1.0 Transitional//EN"
    "http://www.w3.org/TR/xhtml1/DTD/xhtml1-transitional.dtd">
<html xmlns="http://www.w3.org/1999/xhtml" xml:lang="en" lang="en">
 <head>
  <title>
</title>
<meta http-equiv="Content-Type" content="text/html;charset=utf-8" />
  <meta name='ocr-system' content='tesseract 3.04.00' />
  <meta name='ocr-capabilities' content='ocr_page ocr_carea ocr_par ocr_line ocrx_word'/>
</head>
<body>
  <div class='ocr_page' id='page_1' title='image "./miscellaneaphil00paedgoog_0715.png"; bbox 0 0 2976 4900; ppageno 0'>
   <div class='ocr_carea' id='block_1_1' title="bbox 789 354 852 416">
    <p class='ocr_par' dir='ltr' id='par_1_1' title="bbox 789 354 852 416">
     <span class='ocr_line' id='line_1_1' title="bbox 789 354 852 416; baseline 0.032 -2"><span class='ocrx_word' id='word_1_1' title='bbox 789 354 852 416; x_wconf 79' lang='lat' dir='ltr'><strong>tes</strong></span> 
     </span>
    </p>
   </div>
   <div class='ocr_carea' id='block_1_2' title="bbox 330 541 1316 748">
    <p class='ocr_par' dir='ltr' id='par_1_2' title="bbox 330 541 1316 748">
     <span class='ocr_line' id='line_1_2' title="bbox 395 541 1315 624; baseline -0.002 -14"><span class='ocrx_word' id='word_1_2' title='bbox 395 542 549 610; x_wconf 77' lang='lat' dir='ltr'>thesauris</span> <span class='ocrx_word' id='word_1_3' title='bbox 566 545 638 608; x_wconf 89' lang='lat' dir='ltr'><strong>tuis.</strong></span> <span class='ocrx_word' id='word_1_4' title='bbox 686 545 717 608; x_wconf 89' lang='grc'><strong>3.</strong></span> <span class='ocrx_word' id='word_1_5' title='bbox 740 541 926 624; x_wconf 78' lang='lat' dir='ltr'><strong>DePlaneo</strong></span> <span class='ocrx_word' id='word_1_6' title='bbox 942 543 1086 608; x_wconf 87' lang='lat' dir='ltr'><strong>memini.</strong></span> <span class='ocrx_word' id='word_1_7' title='bbox 1121 543 1232 608; x_wconf 83' lang='lat' dir='ltr'><strong>Attica</strong></span> <span class='ocrx_word' id='word_1_8' title='bbox 1250 545 1315 608; x_wconf 87' lang='lat' dir='ltr'><strong>iure</strong></span> 
     </span>
     <span class='ocr_line' id='line_1_3' title="bbox 330 655 1316 748; baseline 0.002 -28"><span class='ocrx_word' id='word_1_9' title='bbox 330 658 383 722; x_wconf 71' lang='grc'><strong>90.</strong></span> <span class='ocrx_word' id='word_1_10' title='bbox 396 660 552 748; x_wconf 87' lang='lat' dir='ltr'><strong>queritur.</strong></span> <span class='ocrx_word' id='word_1_11' title='bbox 599 655 696 740; x_wconf 86' lang='lat' dir='ltr'><strong>Quod</strong></span> <span class='ocrx_word' id='word_1_12' title='bbox 722 679 774 722; x_wconf 91' lang='lat' dir='ltr'><strong>me</strong></span> <span class='ocrx_word' id='word_1_13' title='bbox 803 657 844 722; x_wconf 89' lang='lat' dir='ltr'><strong>de</strong></span> <span class='ocrx_word' id='word_1_14' title='bbox 869 655 1040 739; x_wconf 82' lang='lat' dir='ltr'><strong>Bacchide,</strong></span> <span class='ocrx_word' id='word_1_15' title='bbox 1070 657 1110 722; x_wconf 90' lang='lat' dir='ltr'><strong>de</strong></span> <span class='ocrx_word' id='word_1_16' title='bbox 1138 673 1316 722; x_wconf 79' lang='lat' dir='ltr'><strong>statuamus</strong></span> 
     </span>
    </p>
   </div>
   <div class='ocr_carea' id='block_1_3' title="bbox 394 768 1318 1090">
    <p class='ocr_par' dir='ltr' id='par_1_3' title="bbox 394 768 1318 1090">
     <span class='ocr_line' id='line_1_4' title="bbox 395 768 1318 863; baseline 0 -27"><span class='ocrx_word' id='word_1_17' title='bbox 395 773 521 838; x_wconf 85' lang='lat' dir='ltr'><strong>coronis</strong></span> <span class='ocrx_word' id='word_1_18' title='bbox 535 771 700 836; x_wconf 81' lang='lat' dir='ltr'><strong>certiorem</strong></span> <span class='ocrx_word' id='word_1_19' title='bbox 717 769 817 835; x_wconf 78' lang='lat' dir='ltr'><strong>fecisti</strong></span> <span class='ocrx_word' id='word_1_20' title='bbox 825 819 835 849; x_wconf 91' lang='lat'><strong>,</strong></span> <span class='ocrx_word' id='word_1_21' title='bbox 859 768 953 836; x_wconf 86' lang='lat' dir='ltr'><strong>valde</strong></span> <span class='ocrx_word' id='word_1_22' title='bbox 968 787 1114 863; x_wconf 76' lang='lat' dir='ltr'><strong>gnatum,</strong></span> <span class='ocrx_word' id='word_1_23' title='bbox 1137 793 1203 837; x_wconf 85' lang='lat' dir='ltr'><strong>nec</strong></span> <span class='ocrx_word' id='word_1_24' title='bbox 1222 769 1318 861; x_wconf 83' lang='lat' dir='ltr'><strong>quid·</strong></span> 
     </span>
     <span class='ocr_line' id='line_1_5' title="bbox 394 884 1318 976; baseline 0.002 -26"><span class='ocrx_word' id='word_1_25' title='bbox 394 909 495 976; x_wconf 81' lang='lat' dir='ltr'><strong>quam</strong></span> <span class='ocrx_word' id='word_1_26' title='bbox 515 885 646 975; x_wconf 84' lang='lat' dir='ltr'><strong>posthac</strong></span> <span class='ocrx_word' id='word_1_27' title='bbox 665 907 732 949; x_wconf 92' lang='lat' dir='ltr'><strong>non</strong></span> <span class='ocrx_word' id='word_1_28' title='bbox 750 884 847 950; x_wconf 90' lang='lat' dir='ltr'><strong>modo</strong></span> <span class='ocrx_word' id='word_1_29' title='bbox 864 901 1008 968; x_wconf 83' lang='lat' dir='ltr'><strong>tantum,</strong></span> <span class='ocrx_word' id='word_1_30' title='bbox 1026 886 1082 952; x_wconf 88' lang='lat' dir='ltr'><strong>sed</strong></span> <span class='ocrx_word' id='word_1_31' title='bbox 1096 909 1138 951; x_wconf 89' lang='lat' dir='ltr'><strong>ne</strong></span> <span class='ocrx_word' id='word_1_32' title='bbox 1152 884 1318 952; x_wconf 79' lang='lat' dir='ltr'><strong>tannslum</strong></span> 
     </span>
     <span class='ocr_line' id='line_1_6' title="bbox 395 997 1317 1090; baseline 0.002 -27"><span class='ocrx_word' id='word_1_33' title='bbox 395 999 528 1090; x_wconf 87' lang='lat' dir='ltr'><strong>quidem</strong></span> <span class='ocrx_word' id='word_1_34' title='bbox 549 999 757 1088; x_wconf 83' lang='lat' dir='ltr'><strong>praeterieris.</strong></span> <span class='ocrx_word' id='word_1_35' title='bbox 800 997 843 1062; x_wconf 87' lang='lat' dir='ltr'><strong>Et</strong></span> <span class='ocrx_word' id='word_1_36' title='bbox 863 999 903 1064; x_wconf 86' lang='lat' dir='ltr'><strong>do</strong></span> <span class='ocrx_word' id='word_1_37' title='bbox 919 998 1047 1064; x_wconf 87' lang='lat' dir='ltr'><strong>Herode</strong></span> <span class='ocrx_word' id='word_1_38' title='bbox 1065 1015 1097 1065; x_wconf 89' lang='lat' dir='ltr'><strong>et</strong></span> <span class='ocrx_word' id='word_1_39' title='bbox 1112 999 1232 1065; x_wconf 88' lang='lat' dir='ltr'><strong>Mettio</strong></span> <span class='ocrx_word' id='word_1_40' title='bbox 1252 1021 1317 1065; x_wconf 90' lang='lat' dir='ltr'><strong>me-</strong></span> 
     </span>
    </p>
   </div>
   <div class='ocr_carea' id='block_1_4' title="bbox 272 1233 1318 3118">
    <p class='ocr_par' dir='ltr' id='par_1_4' title="bbox 410 1233 1317 1313">
     <span class='ocr_line' id='line_1_7' title="bbox 410 1233 1317 1313; baseline 0 -15"><span class='ocrx_word' id='word_1_41' title='bbox 410 1233 468 1298; x_wconf 91' lang='lat' dir='ltr'><strong>illo</strong></span> <span class='ocrx_word' id='word_1_42' title='bbox 489 1233 586 1313; x_wconf 84' lang='lat' dir='ltr'><strong>libro,</strong></span> <span class='ocrx_word' id='word_1_43' title='bbox 614 1247 644 1297; x_wconf 86' lang='lat' dir='ltr'><strong>et</strong></span> <span class='ocrx_word' id='word_1_44' title='bbox 669 1233 753 1296; x_wconf 87' lang='lat' dir='ltr'><strong>aliud</strong></span> <span class='ocrx_word' id='word_1_45' title='bbox 778 1235 876 1297; x_wconf 85' lang='lat' dir='ltr'><strong>dicere</strong></span> <span class='ocrx_word' id='word_1_46' title='bbox 896 1235 1071 1298; x_wconf 78' lang='lat' dir='ltr'><strong>Ciceronem</strong></span> <span class='ocrx_word' id='word_1_47' title='bbox 1089 1237 1229 1298; x_wconf 87' lang='lat' dir='ltr'><strong>ostendit</strong></span> <span class='ocrx_word' id='word_1_48' title='bbox 1250 1257 1317 1298; x_wconf 93' lang='lat' dir='ltr'><strong>con·</strong></span> 
     </span>
    </p>

    <p class='ocr_par' dir='ltr' id='par_1_5' title="bbox 322 1319 1318 1744">
     <span class='ocr_line' id='line_1_8' title="bbox 322 1319 1318 1422; baseline 0.002 -22"><span class='ocrx_word' id='word_1_49' title='bbox 322 1380 324 1384; x_wconf 82' lang='lat'><em>.</em></span> <span class='ocrx_word' id='word_1_50' title='bbox 408 1341 561 1402; x_wconf 84' lang='lat' dir='ltr'><strong>iunctivus</strong></span> <span class='ocrx_word' id='word_1_51' title='bbox 583 1345 682 1401; x_wconf 82' lang='lat' dir='ltr'><strong>intent.</strong></span> <span class='ocrx_word' id='word_1_52' title='bbox 722 1339 767 1402; x_wconf 78' lang='lat' dir='ltr'><strong>cf.</strong></span> <span class='ocrx_word' id='word_1_53' title='bbox 791 1361 830 1402; x_wconf 84' lang='lat' dir='ltr'><strong>ex</strong></span> <span class='ocrx_word' id='word_1_54' title='bbox 856 1341 902 1413; x_wconf 90' lang='lat' dir='ltr'><strong>II,</strong></span> <span class='ocrx_word' id='word_1_55' title='bbox 929 1341 965 1414; x_wconf 84' lang='lat'><strong>6,</strong></span> <span class='ocrx_word' id='word_1_56' title='bbox 989 1319 1028 1400; x_wconf 55' lang='lat' dir='ltr'><strong>x2:</strong></span> <span class='ocrx_word' id='word_1_57' title='bbox 1059 1334 1229 1418; x_wconf 64' lang='grc' dir='ltr'><strong><em>ἀνέκδοτα,</em></strong></span> <span class='ocrx_word' id='word_1_58' title='bbox 1249 1365 1318 1422; x_wconf 82' lang='lat' dir='ltr'><strong>quse</strong></span> 
     </span>
     <span class='ocr_line' id='line_1_9' title="bbox 412 1439 1317 1533; baseline 0.002 -26"><span class='ocrx_word' id='word_1_59' title='bbox 412 1439 471 1507; x_wconf 76' lang='lat' dir='ltr'><strong>nbt&#39;</strong></span> <span class='ocrx_word' id='word_1_60' title='bbox 491 1455 540 1507; x_wconf 83' lang='lat' dir='ltr'><strong>nni</strong></span> <span class='ocrx_word' id='word_1_61' title='bbox 569 1453 704 1528; x_wconf 80' lang='lat' dir='ltr'><strong>legamus.</strong></span> <span class='ocrx_word' id='word_1_62' title='bbox 746 1447 909 1510; x_wconf 83' lang='lat' dir='ltr'><strong>Thesauros</strong></span> <span class='ocrx_word' id='word_1_63' title='bbox 938 1449 1041 1532; x_wconf 85' lang='lat' dir='ltr'><strong>itaque</strong></span> <span class='ocrx_word' id='word_1_64' title='bbox 1067 1459 1147 1510; x_wconf 85' lang='lat' dir='ltr'><strong>recte</strong></span> <span class='ocrx_word' id='word_1_65' title='bbox 1169 1449 1317 1533; x_wconf 64' lang='lat' dir='ltr'><strong>interpre-</strong></span> 
     </span>
     <span class='ocr_line' id='line_1_10' title="bbox 409 1551 1318 1638; baseline 0.004 -24"><span class='ocrx_word' id='word_1_66' title='bbox 409 1566 514 1616; x_wconf 78' lang='lat' dir='ltr'><strong>tantur</strong></span> <span class='ocrx_word' id='word_1_67' title='bbox 533 1551 752 1616; x_wconf 80' lang='lat' dir='ltr'>bibliothecam</span> <span class='ocrx_word' id='word_1_68' title='bbox 771 1553 879 1632; x_wconf 81' lang='lat' dir='ltr'><strong>Attici,</strong></span> <span class='ocrx_word' id='word_1_69' title='bbox 901 1555 1037 1638; x_wconf 78' lang='lat' dir='ltr'><strong>pretiosis</strong></span> <span class='ocrx_word' id='word_1_70' title='bbox 1056 1553 1144 1616; x_wconf 84' lang='lat' dir='ltr'><strong>libris</strong></span> <span class='ocrx_word' id='word_1_71' title='bbox 1164 1555 1318 1630; x_wconf 77' lang='lat' dir='ltr'><strong>refertum,</strong></span> 
     </span>
     <span class='ocr_line' id='line_1_11' title="bbox 406 1657 906 1744; baseline -0.002 -24"><span class='ocrx_word' id='word_1_72' title='bbox 406 1681 538 1744; x_wconf 85' lang='lat' dir='ltr'><strong>quomm</strong></span> <span class='ocrx_word' id='word_1_73' title='bbox 559 1679 629 1720; x_wconf 88' lang='lat' dir='ltr'><strong>usus</strong></span> <span class='ocrx_word' id='word_1_74' title='bbox 649 1659 754 1744; x_wconf 90' lang='lat' dir='ltr'><strong>paucis</strong></span> <span class='ocrx_word' id='word_1_75' title='bbox 774 1657 906 1742; x_wconf 82' lang='lat' dir='ltr'><strong>patebat.</strong></span> 
     </span>
    </p>

    <p class='ocr_par' dir='ltr' id='par_1_6' title="bbox 330 1762 1318 2160">
     <span class='ocr_line' id='line_1_12' title="bbox 330 1762 1318 1848; baseline -0.003 -22"><span class='ocrx_word' id='word_1_76' title='bbox 330 1765 378 1826; x_wconf 85' lang='grc'><strong>19.</strong></span> <span class='ocrx_word' id='word_1_77' title='bbox 399 1771 443 1825; x_wconf 80' lang='lat' dir='ltr'><strong>De</strong></span> <span class='ocrx_word' id='word_1_78' title='bbox 463 1767 572 1826; x_wconf 81' lang='lat' dir='ltr'><em>Planco</em></span> <span class='ocrx_word' id='word_1_79' title='bbox 591 1771 707 1824; x_wconf 80' lang='lat' dir='ltr'><strong>mentm·</strong></span> <span class='ocrx_word' id='word_1_80' title='bbox 726 1785 757 1824; x_wconf 88' lang='lat' dir='ltr'><strong>o:</strong></span> <span class='ocrx_word' id='word_1_81' title='bbox 778 1762 862 1848; x_wconf 86' lang='lat' dir='ltr'><strong>quod</strong></span> <span class='ocrx_word' id='word_1_82' title='bbox 884 1763 922 1824; x_wconf 90' lang='lat' dir='ltr'><strong>ad</strong></span> <span class='ocrx_word' id='word_1_83' title='bbox 944 1763 1092 1826; x_wconf 78' lang='lat' dir='ltr'><strong>Plancum</strong></span> <span class='ocrx_word' id='word_1_84' title='bbox 1113 1766 1243 1842; x_wconf 82' lang='lat' dir='ltr'><strong>attinet,</strong></span> <span class='ocrx_word' id='word_1_85' title='bbox 1262 1783 1318 1824; x_wconf 91' lang='lat' dir='ltr'><strong>me·</strong></span> 
     </span>
     <span class='ocr_line' id='line_1_13' title="bbox 408 1867 1318 1941; baseline -0.001 -8"><span class='ocrx_word' id='word_1_86' title='bbox 408 1873 496 1934; x_wconf 91' lang='lat' dir='ltr'><strong>mini.</strong></span> <span class='ocrx_word' id='word_1_87' title='bbox 537 1871 667 1932; x_wconf 77' lang='lat' dir='ltr'><strong>Fortasse</strong></span> <span class='ocrx_word' id='word_1_88' title='bbox 687 1868 746 1930; x_wconf 90' lang='lat' dir='ltr'><strong>hoc</strong></span> <span class='ocrx_word' id='word_1_89' title='bbox 763 1869 845 1941; x_wconf 84' lang='lat' dir='ltr'><strong>vult,</strong></span> <span class='ocrx_word' id='word_1_90' title='bbox 866 1890 897 1930; x_wconf 87' lang='lat' dir='ltr'><strong>se</strong></span> <span class='ocrx_word' id='word_1_91' title='bbox 917 1867 1031 1932; x_wconf 83' lang='lat' dir='ltr'><strong>Planco</strong></span> <span class='ocrx_word' id='word_1_92' title='bbox 1049 1891 1174 1932; x_wconf 86' lang='lat' dir='ltr'><strong>cansam</strong></span> <span class='ocrx_word' id='word_1_93' title='bbox 1193 1869 1318 1933; x_wconf 75' lang='lat' dir='ltr'><strong>Buthro</strong></span> 
     </span>
     <span class='ocr_line' id='line_1_14' title="bbox 408 1975 1317 2058; baseline -0.003 -20"><span class='ocrx_word' id='word_1_94' title='bbox 408 1978 483 2038; x_wconf 82' lang='lat' dir='ltr'><strong>tiam</strong></span> <span class='ocrx_word' id='word_1_95' title='bbox 501 1975 723 2038; x_wconf 82' lang='lat' dir='ltr'><strong>commendasse</strong></span> <span class='ocrx_word' id='word_1_96' title='bbox 743 1986 774 2036; x_wconf 89' lang='lat' dir='ltr'><strong>et</strong></span> <span class='ocrx_word' id='word_1_97' title='bbox 794 1975 926 2058; x_wconf 82' lang='lat' dir='ltr'><strong>amplius</strong></span> <span class='ocrx_word' id='word_1_98' title='bbox 947 1995 1007 2036; x_wconf 85' lang='lat' dir='ltr'><strong>esse</strong></span> <span class='ocrx_word' id='word_1_99' title='bbox 1024 1976 1317 2039; x_wconf 85' lang='lat' dir='ltr'><strong>commendaturum.</strong></span> 
     </span>
     <span class='ocr_line' id='line_1_15' title="bbox 409 2073 767 2160; baseline -0.003 -17"><span class='ocrx_word' id='word_1_100' title='bbox 409 2083 453 2143; x_wconf 84' lang='lat' dir='ltr'><strong>Gi.</strong></span> <span class='ocrx_word' id='word_1_101' title='bbox 473 2073 555 2160; x_wconf 72' lang='lat' dir='ltr'><strong>XVI,</strong></span> <span class='ocrx_word' id='word_1_102' title='bbox 578 2082 617 2144; x_wconf 87' lang='grc'><strong>16</strong></span> <span class='ocrx_word' id='word_1_103' title='bbox 638 2082 663 2143; x_wconf 80' lang='grc' dir='ltr'><strong>Α</strong></span> <span class='ocrx_word' id='word_1_104' title='bbox 684 2093 715 2144; x_wconf 91' lang='lat' dir='ltr'><strong>et</strong></span> <span class='ocrx_word' id='word_1_105' title='bbox 734 2081 767 2142; x_wconf 84' lang='lat' dir='ltr'><strong>B.</strong></span> 
     </span>
    </p>

    <p class='ocr_par' dir='ltr' id='par_1_7' title="bbox 330 2185 1063 2270">
     <span class='ocr_line' id='line_1_16' title="bbox 330 2185 1063 2270; baseline -0.001 -21"><span class='ocrx_word' id='word_1_106' title='bbox 330 2187 378 2250; x_wconf 81' lang='grc'><strong>19.</strong></span> <span class='ocrx_word' id='word_1_107' title='bbox 400 2189 506 2249; x_wconf 76' lang='lat' dir='ltr'><strong>Attica</strong></span> <span class='ocrx_word' id='word_1_108' title='bbox 525 2199 589 2248; x_wconf 83' lang='lat' dir='ltr'><strong>ture</strong></span> <span class='ocrx_word' id='word_1_109' title='bbox 610 2199 751 2267; x_wconf 73' lang='lat' dir='ltr'><strong>queritur.</strong></span> <span class='ocrx_word' id='word_1_110' title='bbox 794 2186 837 2247; x_wconf 84' lang='lat' dir='ltr'><strong>cf.</strong></span> <span class='ocrx_word' id='word_1_111' title='bbox 858 2207 905 2270; x_wconf 90' lang='lat' dir='ltr'><strong>ep.</strong></span> <span class='ocrx_word' id='word_1_112' title='bbox 926 2185 1063 2253; x_wconf 79' lang='lat' dir='ltr'><strong>28extr.</strong></span> 
     </span>
    </p>

    <p class='ocr_par' dir='ltr' id='par_1_8' title="bbox 325 2287 1317 2694">
     <span class='ocr_line' id='line_1_17' title="bbox 325 2287 1317 2378; baseline -0.004 -24"><span class='ocrx_word' id='word_1_113' title='bbox 325 2287 377 2378; x_wconf 69' lang='lat'><strong>20,</strong></span> <span class='ocrx_word' id='word_1_114' title='bbox 391 2297 433 2352; x_wconf 70' lang='lat' dir='ltr'><strong>&#39;de</strong></span> <span class='ocrx_word' id='word_1_115' title='bbox 452 2293 606 2354; x_wconf 77' lang='lat' dir='ltr'><em>Bacchide.</em></span> <span class='ocrx_word' id='word_1_116' title='bbox 648 2293 754 2354; x_wconf 73' lang='lat' dir='ltr'><strong>Himae</strong></span> <span class='ocrx_word' id='word_1_117' title='bbox 774 2313 888 2356; x_wconf 88' lang='lat' dir='ltr'><strong>nomen</strong></span> <span class='ocrx_word' id='word_1_118' title='bbox 908 2291 1041 2369; x_wconf 83' lang='lat' dir='ltr'><strong>videtur,</strong></span> <span class='ocrx_word' id='word_1_119' title='bbox 1062 2291 1317 2355; x_wconf 79' lang='lat' dir='ltr'><strong>in0nom.1&#39;uli.</strong></span> 
     </span>
     <span class='ocr_line' id='line_1_18' title="bbox 408 2397 1317 2462; baseline 0 -2"><span class='ocrx_word' id='word_1_120' title='bbox 408 2399 562 2460; x_wconf 88' lang='lat' dir='ltr'><strong>omissum.</strong></span> <span class='ocrx_word' id='word_1_121' title='bbox 602 2398 672 2461; x_wconf 78' lang='lat' dir='ltr'><strong>Eius</strong></span> <span class='ocrx_word' id='word_1_122' title='bbox 693 2399 807 2460; x_wconf 89' lang='lat' dir='ltr'><strong>mentio</strong></span> <span class='ocrx_word' id='word_1_123' title='bbox 830 2411 861 2462; x_wconf 91' lang='lat' dir='ltr'><strong>et</strong></span> <span class='ocrx_word' id='word_1_124' title='bbox 881 2419 1063 2460; x_wconf 81' lang='lat' dir='ltr'><strong>mmmmm</strong></span> <span class='ocrx_word' id='word_1_125' title='bbox 1084 2397 1211 2462; x_wconf 85' lang='lat' dir='ltr'><strong>honoris</strong></span> <span class='ocrx_word' id='word_1_126' title='bbox 1231 2419 1317 2462; x_wconf 85' lang='lat' dir='ltr'><strong>causa</strong></span> 
     </span>
     <span class='ocr_line' id='line_1_19' title="bbox 407 2503 1317 2592; baseline -0.002 -25"><span class='ocrx_word' id='word_1_127' title='bbox 407 2505 512 2568; x_wconf 77' lang='lat' dir='ltr'><strong>statuis</strong></span> <span class='ocrx_word' id='word_1_128' title='bbox 533 2507 743 2591; x_wconf 78' lang='lat' dir='ltr'><strong>impositurum</strong></span> <span class='ocrx_word' id='word_1_129' title='bbox 762 2506 834 2566; x_wconf 89' lang='lat' dir='ltr'><strong>satis</strong></span> <span class='ocrx_word' id='word_1_130' title='bbox 854 2517 935 2568; x_wconf 85' lang='lat' dir='ltr'><strong>cesto</strong></span> <span class='ocrx_word' id='word_1_131' title='bbox 955 2505 1058 2585; x_wconf 85' lang='lat' dir='ltr'><strong>docet,</strong></span> <span class='ocrx_word' id='word_1_132' title='bbox 1072 2503 1126 2569; x_wconf 87' lang='lat' dir='ltr'><strong>hic</strong></span> <span class='ocrx_word' id='word_1_133' title='bbox 1144 2509 1194 2592; x_wconf 79' lang='lat' dir='ltr'><strong>agi</strong></span> <span class='ocrx_word' id='word_1_134' title='bbox 1213 2507 1253 2569; x_wconf 86' lang='lat' dir='ltr'><strong>de</strong></span> <span class='ocrx_word' id='word_1_135' title='bbox 1270 2506 1317 2566; x_wconf 89' lang='lat' dir='ltr'><strong>lu·</strong></span> 
     </span>
     <span class='ocr_line' id='line_1_20' title="bbox 408 2609 1012 2694; baseline 0 -22"><span class='ocrx_word' id='word_1_136' title='bbox 408 2609 455 2672; x_wconf 85' lang='lat' dir='ltr'><strong>dis</strong></span> <span class='ocrx_word' id='word_1_137' title='bbox 474 2611 570 2674; x_wconf 84' lang='lat' dir='ltr'><strong>Bruti.</strong></span> <span class='ocrx_word' id='word_1_138' title='bbox 611 2611 655 2674; x_wconf 84' lang='lat' dir='ltr'><strong>Gi.</strong></span> <span class='ocrx_word' id='word_1_139' title='bbox 676 2609 858 2694; x_wconf 70' lang='lat' dir='ltr'><strong>longaltius</strong></span> <span class='ocrx_word' id='word_1_140' title='bbox 879 2611 917 2672; x_wconf 86' lang='lat' dir='ltr'><strong>ad</strong></span> <span class='ocrx_word' id='word_1_141' title='bbox 938 2610 970 2674; x_wconf 92' lang='lat' dir='ltr'><strong>h.</strong></span> <span class='ocrx_word' id='word_1_142' title='bbox 990 2612 1012 2673; x_wconf 92' lang='lat' dir='ltr'><strong>l.</strong></span> 
     </span>
    </p>

    <p class='ocr_par' dir='ltr' id='par_1_9' title="bbox 327 2711 1315 2907">
     <span class='ocr_line' id='line_1_21' title="bbox 327 2711 1315 2800; baseline 0 -22"><span class='ocrx_word' id='word_1_143' title='bbox 327 2711 377 2780; x_wconf 78' lang='lat'><strong>23.</strong></span> <span class='ocrx_word' id='word_1_144' title='bbox 399 2723 442 2778; x_wconf 83' lang='lat' dir='ltr'><strong>de·</strong></span> <span class='ocrx_word' id='word_1_145' title='bbox 456 2719 573 2779; x_wconf 78' lang='lat' dir='ltr'><strong>Herode</strong></span> <span class='ocrx_word' id='word_1_146' title='bbox 591 2735 623 2779; x_wconf 81' lang='lat' dir='ltr'><strong>es</strong></span> <span class='ocrx_word' id='word_1_147' title='bbox 641 2722 760 2778; x_wconf 76' lang='lat' dir='ltr'><strong>Mettio.</strong></span> <span class='ocrx_word' id='word_1_148' title='bbox 803 2713 889 2778; x_wconf 77' lang='lat' dir='ltr'><strong>Nihil</strong></span> <span class='ocrx_word' id='word_1_149' title='bbox 910 2714 1024 2789; x_wconf 83' lang='lat' dir='ltr'><strong>obstat,</strong></span> <span class='ocrx_word' id='word_1_150' title='bbox 1047 2717 1216 2800; x_wconf 85' lang='lat' dir='ltr'><strong>quominus</strong></span> <span class='ocrx_word' id='word_1_151' title='bbox 1238 2717 1315 2800; x_wconf 69' lang='lat' dir='ltr'><strong>cogi·</strong></span> 
     </span>
     <span class='ocr_line' id='line_1_22' title="bbox 407 2819 1315 2907; baseline -0.002 -21"><span class='ocrx_word' id='word_1_152' title='bbox 407 2835 504 2886; x_wconf 87' lang='lat' dir='ltr'><strong>temus</strong></span> <span class='ocrx_word' id='word_1_153' title='bbox 529 2823 582 2886; x_wconf 91' lang='lat' dir='ltr'><strong>hic</strong></span> <span class='ocrx_word' id='word_1_154' title='bbox 607 2843 730 2907; x_wconf 86' lang='lat' dir='ltr'><strong>quoque</strong></span> <span class='ocrx_word' id='word_1_155' title='bbox 756 2824 806 2906; x_wconf 79' lang='lat' dir='ltr'><strong>agi</strong></span> <span class='ocrx_word' id='word_1_156' title='bbox 833 2821 871 2884; x_wconf 89' lang='lat' dir='ltr'><strong>de</strong></span> <span class='ocrx_word' id='word_1_157' title='bbox 896 2819 955 2884; x_wconf 89' lang='lat' dir='ltr'><strong>illo</strong></span> <span class='ocrx_word' id='word_1_158' title='bbox 981 2821 1095 2885; x_wconf 78' lang='lat' dir='ltr'><strong>Herode</strong></span> <span class='ocrx_word' id='word_1_159' title='bbox 1125 2821 1315 2893; x_wconf 73' lang='lat' dir='ltr'><strong>Atheniensi,</strong></span> 
     </span>
    </p>

    <p class='ocr_par' dir='ltr' id='par_1_10' title="bbox 272 2927 1314 3013">
     <span class='ocr_line' id='line_1_23' title="bbox 272 2927 1314 3013; baseline 0 -23"><span class='ocrx_word' id='word_1_160' title='bbox 272 2958 274 2966; x_wconf 94' lang='lat'>·</span> <span class='ocrx_word' id='word_1_161' title='bbox 407 2931 495 2990; x_wconf 88' lang='lat' dir='ltr'><strong>cuius</strong></span> <span class='ocrx_word' id='word_1_162' title='bbox 516 2929 630 2990; x_wconf 86' lang='lat' dir='ltr'><strong>mentio</strong></span> <span class='ocrx_word' id='word_1_163' title='bbox 650 2927 687 2990; x_wconf 86' lang='lat' dir='ltr'><strong>fit</strong></span> <span class='ocrx_word' id='word_1_164' title='bbox 706 2927 896 3008; x_wconf 81' lang='lat' dir='ltr'><strong>xlv,16‚t.</strong></span> <span class='ocrx_word' id='word_1_165' title='bbox 927 2927 1060 3002; x_wconf 78' lang='lat' dir='ltr'><strong>18,set</strong></span> <span class='ocrx_word' id='word_1_166' title='bbox 1076 2929 1202 3013; x_wconf 81' lang='lat' dir='ltr'><strong>saepius.</strong></span> <span class='ocrx_word' id='word_1_167' title='bbox 1225 2927 1314 2992; x_wconf 77' lang='lat' dir='ltr'><strong>Attici</strong></span> 
     </span>
    </p>

    <p class='ocr_par' dir='ltr' id='par_1_11' title="bbox 335 3025 1314 3118">
     <span class='ocr_line' id='line_1_24' title="bbox 335 3025 1314 3118; baseline 0.001 -24"><span class='ocrx_word' id='word_1_168' title='bbox 335 3025 354 3074; x_wconf 60' lang='grc' dir='ltr'>Ϊ</span> <span class='ocrx_word' id='word_1_169' title='bbox 409 3031 554 3098; x_wconf 78' lang='lat' dir='ltr'><strong>libertum</strong></span> <span class='ocrx_word' id='word_1_170' title='bbox 587 3035 816 3116; x_wconf 79' lang='lat' dir='ltr'><strong>cognominem,</strong></span> <span class='ocrx_word' id='word_1_171' title='bbox 851 3053 943 3118; x_wconf 86' lang='lat' dir='ltr'><strong>quem</strong></span> <span class='ocrx_word' id='word_1_172' title='bbox 974 3035 1081 3097; x_wconf 87' lang='lat' dir='ltr'><strong>statuit</strong></span> <span class='ocrx_word' id='word_1_173' title='bbox 1115 3035 1247 3098; x_wconf 75' lang='lat' dir='ltr'><strong>Orellius</strong></span> <span class='ocrx_word' id='word_1_174' title='bbox 1282 3036 1314 3096; x_wconf 85' lang='lat' dir='ltr'><strong>in</strong></span> 
     </span>
    </p>
   </div>
   <div class='ocr_carea' id='block_1_5' title="bbox 409 3131 1432 3223">
    <p class='ocr_par' dir='ltr' id='par_1_12' title="bbox 409 3131 1432 3223">
     <span class='ocr_line' id='line_1_25' title="bbox 409 3131 1432 3223; baseline 0.002 -23"><span class='ocrx_word' id='word_1_175' title='bbox 409 3138 518 3200; x_wconf 85' lang='lat' dir='ltr'><strong>Onom.</strong></span> <span class='ocrx_word' id='word_1_176' title='bbox 537 3138 619 3202; x_wconf 83' lang='lat' dir='ltr'><strong>Tull.</strong></span> <span class='ocrx_word' id='word_1_177' title='bbox 640 3161 670 3223; x_wconf 90' lang='lat' dir='ltr'><strong>p.</strong></span> <span class='ocrx_word' id='word_1_178' title='bbox 690 3137 752 3202; x_wconf 79' lang='lat'><strong>283</strong></span> <span class='ocrx_word' id='word_1_179' title='bbox 772 3139 898 3201; x_wconf 87' lang='lat' dir='ltr'><strong>nullum</strong></span> <span class='ocrx_word' id='word_1_180' title='bbox 918 3139 1008 3202; x_wconf 76' lang='lat' dir='ltr'><strong>fluisse</strong></span> <span class='ocrx_word' id='word_1_181' title='bbox 1031 3161 1146 3203; x_wconf 90' lang='lat' dir='ltr'><strong>censeo.</strong></span> <span class='ocrx_word' id='word_1_182' title='bbox 1178 3141 1313 3204; x_wconf 68' lang='lat' dir='ltr'><strong>sternes</strong></span> <span class='ocrx_word' id='word_1_183' title='bbox 1431 3131 1432 3136; x_wconf 29' lang='lat'>¹</span> 
     </span>
    </p>
   </div>
   <div class='ocr_carea' id='block_1_6' title="bbox 346 3245 1380 3969">
    <p class='ocr_par' dir='ltr' id='par_1_13' title="bbox 341 3245 1380 3969">
     <span class='ocr_line' id='line_1_26' title="bbox 408 3245 1380 3328; baseline -0.004 -16"><span class='ocrx_word' id='word_1_184' title='bbox 408 3245 455 3312; x_wconf 77' lang='lat' dir='ltr'><strong>tei</strong></span> <span class='ocrx_word' id='word_1_185' title='bbox 473 3245 615 3320; x_wconf 80' lang='lat' dir='ltr'><strong>Menam,</strong></span> <span class='ocrx_word' id='word_1_186' title='bbox 637 3257 674 3307; x_wconf 91' lang='lat' dir='ltr'><strong>ut</strong></span> <span class='ocrx_word' id='word_1_187' title='bbox 689 3247 724 3308; x_wconf 90' lang='lat' dir='ltr'><strong>in</strong></span> <span class='ocrx_word' id='word_1_188' title='bbox 742 3245 817 3308; x_wconf 80' lang='lat' dir='ltr'><strong>iisd.</strong></span> <span class='ocrx_word' id='word_1_189' title='bbox 832 3245 975 3308; x_wconf 87' lang='lat' dir='ltr'><strong>scribitur</strong></span> <span class='ocrx_word' id='word_1_190' title='bbox 997 3247 1046 3328; x_wconf 81' lang='lat' dir='ltr'><strong>(of.</strong></span> <span class='ocrx_word' id='word_1_191' title='bbox 1063 3247 1262 3311; x_wconf 84' lang='lat' dir='ltr'><strong>Schneiderus</strong></span> <span class='ocrx_word' id='word_1_192' title='bbox 1276 3247 1313 3310; x_wconf 88' lang='lat' dir='ltr'><strong>ad</strong></span> <span class='ocrx_word' id='word_1_193' title='bbox 1376 3275 1380 3282; x_wconf 53' lang='lat'><strong>⁴</strong></span> 
     </span>
     <span class='ocr_line' id='line_1_27' title="bbox 346 3351 1314 3437; baseline 0.004 -25"><span class='ocrx_word' id='word_1_194' title='bbox 346 3378 348 3389; x_wconf 64' lang='lat'>¹</span> <span class='ocrx_word' id='word_1_195' title='bbox 410 3351 490 3414; x_wconf 82' lang='lat' dir='ltr'><strong>Gaas.</strong></span> <span class='ocrx_word' id='word_1_196' title='bbox 511 3351 544 3414; x_wconf 87' lang='lat' dir='ltr'><strong>B.</strong></span> <span class='ocrx_word' id='word_1_197' title='bbox 558 3352 593 3414; x_wconf 79' lang='lat' dir='ltr'><strong>G.</strong></span> <span class='ocrx_word' id='word_1_198' title='bbox 614 3351 644 3424; x_wconf 87' lang='grc' dir='ltr'><strong>Ι,</strong></span> <span class='ocrx_word' id='word_1_199' title='bbox 666 3351 721 3425; x_wconf 79' lang='lat'><strong>47,</strong></span> <span class='ocrx_word' id='word_1_200' title='bbox 737 3353 784 3435; x_wconf 76' lang='grc'><strong>1),</strong></span> <span class='ocrx_word' id='word_1_201' title='bbox 804 3355 987 3437; x_wconf 76' lang='lat' dir='ltr'><strong>ignoramus.</strong></span> <span class='ocrx_word' id='word_1_202' title='bbox 1011 3385 1049 3402; x_wconf 85' lang='lat'><strong>--</strong></span> <span class='ocrx_word' id='word_1_203' title='bbox 1071 3353 1228 3417; x_wconf 77' lang='lat' dir='ltr'><strong>Caeterum</strong></span> <span class='ocrx_word' id='word_1_204' title='bbox 1242 3354 1314 3416; x_wconf 86' lang='lat' dir='ltr'><strong>haec</strong></span> 
     </span>
     <span class='ocr_line' id='line_1_28' title="bbox 410 3458 1313 3547; baseline 0 -25"><span class='ocrx_word' id='word_1_205' title='bbox 410 3458 499 3522; x_wconf 77' lang='lat' dir='ltr'><strong>verba</strong></span> <span class='ocrx_word' id='word_1_206' title='bbox 519 3459 605 3522; x_wconf 83' lang='lat' dir='ltr'><strong>affert</strong></span> <span class='ocrx_word' id='word_1_207' title='bbox 623 3459 791 3523; x_wconf 70' lang='lat' dir='ltr'><strong>iucundius</strong></span> <span class='ocrx_word' id='word_1_208' title='bbox 813 3463 845 3522; x_wconf 91' lang='lat' dir='ltr'><strong>in</strong></span> <span class='ocrx_word' id='word_1_209' title='bbox 868 3461 979 3523; x_wconf 79' lang='lat' dir='ltr'><strong>lexico</strong></span> <span class='ocrx_word' id='word_1_210' title='bbox 1000 3480 1029 3522; x_wconf 81' lang='lat' dir='ltr'><strong>s.</strong></span> <span class='ocrx_word' id='word_1_211' title='bbox 1050 3469 1183 3532; x_wconf 81' lang='lat' dir='ltr'><strong>memtnr&#39;,</strong></span> <span class='ocrx_word' id='word_1_212' title='bbox 1207 3459 1313 3547; x_wconf 84' lang='lat' dir='ltr'><strong>probs·</strong></span> 
     </span>
     <span class='ocr_line' id='line_1_29' title="bbox 410 3563 1311 3650; baseline -0.002 -22"><span class='ocrx_word' id='word_1_213' title='bbox 410 3579 496 3628; x_wconf 87' lang='lat' dir='ltr'><strong>turus</strong></span> <span class='ocrx_word' id='word_1_214' title='bbox 524 3567 697 3628; x_wconf 78' lang='lat' dir='ltr'><strong>Ciceronem</strong></span> <span class='ocrx_word' id='word_1_215' title='bbox 722 3565 870 3650; x_wconf 85' lang='lat' dir='ltr'><strong>scripsisse</strong></span> <span class='ocrx_word' id='word_1_216' title='bbox 891 3579 1052 3628; x_wconf 72' lang='lat' dir='ltr'><strong>meminisse</strong></span> <span class='ocrx_word' id='word_1_217' title='bbox 1073 3573 1109 3628; x_wconf 83' lang='lat' dir='ltr'><strong>de</strong></span> <span class='ocrx_word' id='word_1_218' title='bbox 1130 3573 1235 3648; x_wconf 75' lang='lat' dir='ltr'><strong>aliquo.</strong></span> <span class='ocrx_word' id='word_1_219' title='bbox 1276 3563 1311 3626; x_wconf 86' lang='lat' dir='ltr'><strong>in</strong></span> 
     </span>
     <span class='ocr_line' id='line_1_30' title="bbox 409 3673 1311 3758; baseline -0.001 -24.07"><span class='ocrx_word' id='word_1_220' title='bbox 409 3693 472 3758; x_wconf 84' lang='lat' dir='ltr'><strong>quo</strong></span> <span class='ocrx_word' id='word_1_221' title='bbox 489 3675 589 3736; x_wconf 83' lang='lat' dir='ltr'><strong>virum</strong></span> <span class='ocrx_word' id='word_1_222' title='bbox 608 3673 708 3735; x_wconf 79' lang='lat' dir='ltr'><strong>Latini</strong></span> <span class='ocrx_word' id='word_1_223' title='bbox 726 3674 872 3736; x_wconf 84' lang='lat' dir='ltr'><strong>sermonis</strong></span> <span class='ocrx_word' id='word_1_224' title='bbox 890 3675 1106 3758; x_wconf 84' lang='lat' dir='ltr'><strong>peritissimum</strong></span> <span class='ocrx_word' id='word_1_225' title='bbox 1127 3695 1192 3736; x_wconf 91' lang='lat' dir='ltr'><strong>non</strong></span> <span class='ocrx_word' id='word_1_226' title='bbox 1213 3677 1311 3736; x_wconf 89' lang='lat' dir='ltr'><strong>minus</strong></span> 
     </span>
     <span class='ocr_line' id='line_1_31' title="bbox 411 3777 1311 3863; baseline 0.004 -24"><span class='ocrx_word' id='word_1_227' title='bbox 411 3777 477 3840; x_wconf 79' lang='lat' dir='ltr'><strong>salii</strong></span> <span class='ocrx_word' id='word_1_228' title='bbox 508 3778 650 3851; x_wconf 80' lang='lat' dir='ltr'><strong>arbitror,</strong></span> <span class='ocrx_word' id='word_1_229' title='bbox 679 3799 773 3863; x_wconf 84' lang='lat' dir='ltr'><strong>quam</strong></span> <span class='ocrx_word' id='word_1_230' title='bbox 802 3799 899 3863; x_wconf 86' lang='lat' dir='ltr'><strong>quum</strong></span> <span class='ocrx_word' id='word_1_231' title='bbox 927 3777 1040 3842; x_wconf 85' lang='lat' dir='ltr'><strong>ibidem</strong></span> <span class='ocrx_word' id='word_1_232' title='bbox 1065 3801 1081 3840; x_wconf 85' lang='lat' dir='ltr'><strong>e</strong></span> <span class='ocrx_word' id='word_1_233' title='bbox 1107 3779 1187 3843; x_wconf 81' lang='lat' dir='ltr'><strong>Phil.</strong></span> <span class='ocrx_word' id='word_1_234' title='bbox 1206 3781 1252 3854; x_wconf 92' lang='lat'><strong>11,</strong></span> <span class='ocrx_word' id='word_1_235' title='bbox 1273 3777 1311 3842; x_wconf 75' lang='grc'><strong>36</strong></span> 
     </span>
     <span class='ocr_line' id='line_1_32' title="bbox 410 3883 1310 3969; baseline 0.002 -23"><span class='ocrx_word' id='word_1_236' title='bbox 410 3884 563 3946; x_wconf 85' lang='lat' dir='ltr'><strong>ostendere</strong></span> <span class='ocrx_word' id='word_1_237' title='bbox 583 3885 651 3946; x_wconf 82' lang='lat' dir='ltr'><strong>vult</strong></span> <span class='ocrx_word' id='word_1_238' title='bbox 666 3891 826 3944; x_wconf 79' lang='lat' dir='ltr'><strong>meminisse</strong></span> <span class='ocrx_word' id='word_1_239' title='bbox 846 3883 928 3969; x_wconf 84' lang='lat' dir='ltr'><strong>apud</strong></span> <span class='ocrx_word' id='word_1_240' title='bbox 945 3884 1082 3947; x_wconf 77' lang='lat' dir='ltr'><strong>‘tultum</strong></span> <span class='ocrx_word' id='word_1_241' title='bbox 1097 3905 1157 3948; x_wconf 86' lang='lat' dir='ltr'><strong>csse</strong></span> <span class='ocrx_word' id='word_1_242' title='bbox 1171 3905 1310 3948; x_wconf 86' lang='lat' dir='ltr'><strong>nonnun-</strong></span> 
     </span>
    </p>
   </div>
   <div class='ocr_carea' id='block_1_7' title="bbox 411 3989 1310 4180">
    <p class='ocr_par' dir='ltr' id='par_1_14' title="bbox 411 3989 1310 4180">
     <span class='ocr_line' id='line_1_33' title="bbox 411 3989 1310 4077; baseline 0.001 -25"><span class='ocrx_word' id='word_1_243' title='bbox 411 4013 504 4075; x_wconf 89' lang='lat' dir='ltr'><strong>quam</strong></span> <span class='ocrx_word' id='word_1_244' title='bbox 525 3991 620 4065; x_wconf 88' lang='lat' dir='ltr'><strong>idem,</strong></span> <span class='ocrx_word' id='word_1_245' title='bbox 641 3991 725 4076; x_wconf 88' lang='lat' dir='ltr'><strong>quod</strong></span> <span class='ocrx_word' id='word_1_246' title='bbox 745 3997 913 4052; x_wconf 77' lang='lat' dir='ltr'><strong>mentionem</strong></span> <span class='ocrx_word' id='word_1_247' title='bbox 929 3989 1046 4069; x_wconf 81' lang='lat' dir='ltr'><strong>secere,</strong></span> <span class='ocrx_word' id='word_1_248' title='bbox 1067 3991 1152 4077; x_wconf 87' lang='lat' dir='ltr'><strong>quod</strong></span> <span class='ocrx_word' id='word_1_249' title='bbox 1170 4003 1249 4056; x_wconf 90' lang='lat' dir='ltr'><strong>recte</strong></span> <span class='ocrx_word' id='word_1_250' title='bbox 1261 4013 1310 4053; x_wconf 89' lang='lat' dir='ltr'><strong>ne·</strong></span> 
     </span>
     <span class='ocr_line' id='line_1_34' title="bbox 411 4095 1308 4180; baseline 0 -23"><span class='ocrx_word' id='word_1_251' title='bbox 411 4109 463 4180; x_wconf 73' lang='lat' dir='ltr'><strong>gat</strong></span> <span class='ocrx_word' id='word_1_252' title='bbox 486 4095 566 4158; x_wconf 85' lang='lat' dir='ltr'><strong>Phil.</strong></span> <span class='ocrx_word' id='word_1_253' title='bbox 590 4097 697 4160; x_wconf 81' lang='lat' dir='ltr'><strong>Parcus</strong></span> <span class='ocrx_word' id='word_1_254' title='bbox 718 4097 751 4159; x_wconf 92' lang='lat' dir='ltr'><strong>in</strong></span> <span class='ocrx_word' id='word_1_255' title='bbox 773 4097 883 4160; x_wconf 79' lang='lat' dir='ltr'><strong>Lexioo</strong></span> <span class='ocrx_word' id='word_1_256' title='bbox 903 4097 1022 4160; x_wconf 81' lang='lat' dir='ltr'><strong>Critico.</strong></span> <span class='ocrx_word' id='word_1_257' title='bbox 1051 4095 1147 4160; x_wconf 80' lang='lat' dir='ltr'><strong>Verba</strong></span> <span class='ocrx_word' id='word_1_258' title='bbox 1162 4100 1244 4162; x_wconf 88' lang='lat' dir='ltr'><strong>enim</strong></span> <span class='ocrx_word' id='word_1_259' title='bbox 1257 4095 1308 4160; x_wconf 88' lang='lat' dir='ltr'><strong>ilis</strong></span> 
     </span>
    </p>
   </div>
   <div class='ocr_carea' id='block_1_8' title="bbox 0 0 1503 4900">
    <p class='ocr_par' dir='ltr' id='par_1_15' title="bbox 0 0 1503 4900">
     <span class='ocr_line' id='line_1_35' title="bbox 0 0 1503 4900; baseline 0 0"><span class='ocrx_word' id='word_1_260' title='bbox 0 0 1503 4900; x_wconf 95' lang='lat' dir='ltr'><strong> </strong></span> 
     </span>
    </p>
   </div>
  </div>
 </body>
</html>
