2862 4894
760 329 800 393 42

292 513 553 582 luculentioribus
579 525 611 578 et
634 513 777 602 pluribus
803 512 1103 603 comprehenderat,
1139 521 1279 606 perscri-

292 631 457 720 bendaque
486 626 670 710 censuerat,
700 629 819 694 idcirco
847 630 878 694 in
912 631 980 695 eius
1012 633 1199 698 sententiam
1226 648 1280 700 est

291 753 374 816 facta
402 747 569 830 discessi03
603 745 697 837 qua¹
726 746 758 810 in
789 769 823 812 re
854 747 1054 814 manifestum
1082 761 1168 832 erat,
1194 751 1277 838 qnid

291 865 446 956 grauitas,
465 863 542 952 quid
559 863 740 950 integritas,
756 859 832 950 quid
853 861 1037 950 magnitudo
1054 863 1175 939 animi,
1193 863 1276 952 quid

291 980 430 1068 denique
450 979 547 1043 rirtus
566 976 697 1042 valeretr
712 999 793 1065 quae
809 977 841 1041 iu
861 989 1045 1065 tempestate
1061 999 1149 1043 saera
1166 977 1277 1066 quieta

288 1107 358 1174 est,
384 1105 417 1158 et
435 1091 521 1157 lucet
537 1091 568 1156 in
590 1089 743 1165 tenebris,
767 1103 799 1154 et
822 1089 911 1178 pulsr
932 1092 1002 1154 loco
1018 1102 1124 1156 manet
1144 1103 1274 1175 tamen,

289 1221 385 1298 atque
407 1205 515 1274 haeret
541 1207 572 1270 in
596 1206 718 1295 patria,
743 1203 950 1295 splendetque
969 1227 1027 1294 per
1043 1227 1109 1272 sese
1127 1227 1269 1295 semper,

287 1344 390 1412 neque
408 1321 515 1386 aliems
531 1341 668 1410 uuquam
688 1320 831 1386 sordibus
856 1319 1037 1386 obsolescit.

272 1607 285 1614 -
331 1549 467 1617 xxvtt.
493 1553 568 1616 105.
590 1545 644 1614 Sic
660 1545 675 1587 ²
691 1569 751 1636 ego
773 1547 810 1614 Is.
832 1545 1014 1626 Catilinam,
1039 1547 1165 1614 caedem
1182 1569 1271 1614 seua·

285 1682 353 1744 tus,
385 1666 547 1732 interitum
570 1662 681 1738 Urbis,
708 1683 770 1727 nou
796 1662 941 1742 obscure,
972 1660 1024 1728 sed
1049 1661 1153 1750 palam
1177 1663 1272 1728 moli·

284 1793 411 1859 entem,
434 1778 540 1869 egredi
564 1799 600 1842 er
623 1776 710 1843 Urbe
733 1777 825 1854 iussi,
857 1790 908 1857 ut,
930 1800 949 1841 a
969 1799 1033 1866 quo
1054 1759 1175 1865 legibus
1202 1799 1266 1844 non

283 1908 482 1986 poteramus,
513 1891 678 1958 moenibus
710 1889 771 1954 tuti
805 1911 870 1954 esse
908 1911 1077 1978 possemus.
1123 1892 1177 1958 Sic
1208 1915 1268 1981 ogo

282 2011 345 2077 tela
379 2021 523 2075 extremo
551 2027 656 2072 mense
686 2003 863 2070 consulatus
901 2005 965 2070 mei
994 2005 1115 2070 intenta
1150 2006 1267 2096 iugulis

281 2125 435 2203 civitatis,
471 2121 512 2186 da
543 2120 778 2185 coniuratorum
807 2117 936 2182 nelariia
967 2119 1111 2184 manibus
1137 2123 1265 2188 extorsi.

280 2236 333 2303 Sic
351 2259 408 2324 ego
426 2235 509 2300 iaces
529 2233 590 2298 iarn
614 2253 756 2298 accensas
775 2229 814 2296 ad
839 2229 933 2296 buius
949 2231 1037 2297 urbis
1058 2230 1263 2315 incendium,

279 2347 524 2438 comprehendi,
560 2346 698 2437 protuli,
723 2345 867 2413 exstinxi.
907 2348 984 2411 106.
1009 2345 1063 2413 Sic
1080 2343 1093 2382 ⁸
1110 2369 1168 2434 epo
1189 2367 1267 2412 oon·

279 2465 343 2541 aul,
375 2483 473 2553 quum
499 2462 654 2528 exercitus
677 2459 875 2550 perditorum
899 2459 1033 2543 cisium,
1068 2460 1265 2527 clandestino

278 2577 394 2644 scelere
429 2577 602 2660 conllatus,
639 2574 887 2642 crudelissimum
926 2587 958 2642 et
992 2576 1262 2642 luctuosissimum

277 2693 407 2758 exitium
427 2692 548 2781 patriae
575 2703 802 2780 comparasset:
828 2713 926 2780 quum
949 2690 987 2756 ad
1009 2713 1152 2758 occasum
1172 2691 1260 2758 inte·

276 2807 438 2894 ritumque
460 2806 507 2870 rei
532 2805 681 2894 publicae
693 2805 827 2872 Catilina
847 2807 880 2871 in
899 2807 1022 2886 eastris,
1042 2807 1074 2871 in
1088 2804 1138 2872 bis
1154 2819 1261 2872 autem

276 2921 401 3008 templis
432 2932 528 3008 atque
565 2921 657 2984 tectis
673 2919 736 2985 dux
766 2919 918 2986 Lentulus
939 2933 1019 2986 esset
1047 2919 1258 3026 constitutur,

274 3034 353 3098 meis
370 3032 533 3116 consiliis,
556 3032 635 3098 rneis
656 3031 838 3112 laboribus,
864 3033 926 3098 mei
953 3033 1065 3122 capitis
1087 3031 1257 3122 periculis,

274 3148 341 3212 sine
362 3145 517 3230 tumultu,
542 3145 763 3229 sinedelectu,
789 3149 856 3212 aine
877 3150 989 3228 armis,
1014 3149 1081 3214 sino
1097 3149 1255 3231 exercitu,

275 3261 417 3351 quinque
439 3259 618 3326 bominibus
647 3260 877 3349 comprehensis
899 3275 994 3350 atque
1011 3261 1180 3340 confossis,
1204 3262 1257 3326 in·

274 3377 422 3440 censione
455 3373 596 3457 Urbem,
633 3375 847 3441 internecione
889 3376 992 3454 eires,
1024 3377 1166 3442 vastitate
1187 3376 1256 3442 lta·

271 3488 366 3568 liam,
391 3490 522 3554 interitu
544 3511 609 3555 rem
632 3489 794 3578 publicam
819 3489 960 3554 liberari.
1006 3487 1060 3554 Sic
1077 3511 1135 3577 ego
1158 3489 1253 3554 ritarn

272 3605 412 3669 omnium
443 3605 581 3686 oinium,
611 3617 725 3669 statum
759 3605 843 3668 orbis
875 3616 992 3680 terrae,
1027 3604 1137 3670 urbem
1172 3603 1254 3670 banc

272 3719 428 3807 denique,
462 3719 567 3786 sedem
598 3703 924 3798 omninmnostrum,
958 3739 1060 3784 arcem
1082 3738 1188 3804 regum
1216 3739 1254 3782 ao

303 4011 385 4074 op,
406 4009 484 4060 snae
507 4023 528 4058 a.
554 4002 780 4070 asten—2)
803 4006 827 4054 n
852 4005 926 4056 rsa..
949 4024 969 4058 α.
995 4005 1092 4074 uos,
1118 4005 1249 4070 -um

266 4104 332 4153 Sulla
349 4119 369 4153 c.
390 4101 428 4152 ll.
446 4098 516 4166 §33
