2914 4902
586 323 654 402 *163

141 507 194 574 dita
212 509 336 576 historia
361 509 402 578 de
415 529 508 576 aureo
532 510 657 601 tripode
673 535 690 578 a
705 511 830 580 Milesiis
843 511 980 605 Delphos
995 518 1101 599 misso,

140 623 214 690 aliter
226 647 289 692 rem
306 625 371 714 legi
389 627 432 692 ait
451 626 482 690 in
499 623 687 692 Callimachi
710 636 869 719 Ἰάμβοις,
890 632 988 696 secuti
1004 631 1106 698 Lean-

137 735 212 802 drurn
231 738 402 804 llilesium.
428 741 616 808 Βαθυκλέα
631 748 692 828 γάρ
713 769 791 810 τινα
813 744 967 832 Ἀρκάδα
982 747 1106 834 φιάλην
1182 738 1186 754 l

136 853 313 923 καταλιπεῖν
328 859 388 922 καὶ
406 860 586 941 ἐπισκῆψαι
607 856 722 925 δοῦναι
742 859 809 926 τῶν
827 865 936 944 σοφῶν
957 867 1002 948 τῷ
1020 889 1107 944 πρω-

135 971 225 1055 τλστιη.
271 963 405 1056 Ἐδόθη
429 971 468 1053 δὴ
493 968 604 1055 Θαλῇ,
636 976 692 1036 καὶ
717 975 801 1037 κατὰ
825 974 980 1059 περίοδον
1003 973 1106 1044 πάλιν

134 1083 221 1170 Θαλῇ·
237 1089 256 1151 ό
276 1086 312 1151 δὲ
334 1091 385 1174 τῷ
398 1083 572 1171 Διδυμαίφ
585 1083 780 1152 Ἀπόλλωνι
793 1085 999 1156 αἰιλστιιλεν.
1023 1087 1107 1153 Ean·

134 1192 191 1262 dent
211 1195 381 1264 historiam
405 1208 540 1262 tractans
562 1195 737 1263 Alexander
756 1195 894 1287 phialam
915 1198 1024 1266 docuit
1040 1201 1104 1265 cir-

134 1311 283 1378 oculatam
319 1334 390 1378 esse
421 1335 438 1378 a
469 1309 638 1399 Thyrione,
668 1310 830 1402 Bathyclis
857 1313 934 1383 frlio.
981 1318 1018 1384 ‘0
1048 1345 1106 1384 ιιι-

133 1429 287 1508 ηιινιμιιών
306 1434 375 1510 τὴν
392 1425 516 1514 φιάλην
535 1433 592 1495 τοῦ
616 1428 840 1505 Βαθυκλέους
863 1437 944 1508 παῖς
974 1433 1104 1517 Θυρίων

133 1539 269 1623 ἐκαλεῖτο,
302 1549 403 1610 καθά
428 1567 529 1629 φησιν
561 1542 718 1620 ’Ἔλευσις
744 1547 780 1612 ἰν
805 1551 850 1628 τῶ
881 1549 957 1630 περὶ
980 1544 1105 1633 Ἀχιλ-

133 1651 192 1731 liare
212 1663 268 1724 καλ
286 1653 428 1735 Ἀλέξ.
451 1661 470 1723 o‘
484 1659 666 1733 Μύνδιος
687 1661 723 1724 ἐν
745 1661 868 1740 ἐνάτῳ
893 1661 1103 1727 Μυθικῶν.

137 1759 202 1851 Quot
216 1791 318 1860 quum
337 1770 468 1836 unicum
483 1770 523 1836 sit
538 1776 710 1840 Μυθικῶν
727 1768 931 1856 Polyhistoris
947 1770 1106 1856 fragmen·

139 1891 198 1962 tun,
228 1883 270 1950 de
296 1895 414 1952 natura
437 1885 538 1973 operis
562 1884 587 1948 si
612 1905 764 1972 quaeras,
801 1905 863 1949 non
887 1871 1004 1949 certius
1027 1883 1106 1950 scias

144 1995 210 2079 quis
232 2021 270 2065 ea
295 1998 399 2064 luerit
415 2020 507 2088 quarn
526 1997 627 2087 qualis
649 2019 712 2063 non
729 1997 836 2065 fuerit.
874 1996 909 2063 tl
928 1998 1106 2064 testimonio

139 2101 214 2176 lictii
230 2113 271 2178 de
287 2111 485 2178 Acestcridis
500 2121 673 2190 Μυθικοῖς
692 2111 952 2202 οῶοίιισσιιίἀεοι
967 2111 1104 2201 aliquam

135 2225 263 2293 astitisse
276 2227 540 2294 coniunctionem
562 2232 761 2314 Θαυμασίων
781 2239 813 2293 et
825 2235 1009 2308 Μυθικῶν,
1025 2248 1106 2317 quae

133 2333 318 2428 dicebantur,
351 2343 404 2409 sed
436 2343 513 2410 haec
538 2342 611 2408 inde
633 2340 830 2432 explicanda,
856 2341 941 2432 quod
968 2365 1029 2409 non
1061 2342 1106 2408 ita

133 2449 200 2520 luere
222 2471 437 2546 utrorumque
461 2457 576 2524 limites
599 2457 844 2546 circumscripti,
879 2457 956 2546 quin
979 2471 1107 2547 possent

133 2565 272 2640 interdum
297 2571 412 2640 eadem
427 2587 458 2640 et
475 2572 513 2637 ad
530 2579 703 2658 Θαυμάσια
717 2571 826 2636 relerri
842 2570 924 2636 etad
945 2582 1103 2643 Μυθικά.

133 2677 185 2748 llcc
203 2699 329 2754 eertum
355 2698 420 2766 est,
445 2685 616 2754 Alexandri
639 2684 731 2752 aliern
756 2685 851 2768 luisse
884 2689 1105 2774 Θαυμασίων,

133 2795 208 2865 alirnr
228 2810 404 2874 Μυθικῶν
424 2809 618 2887 συναγωγὴν
636 2800 667 2876 ¹,
691 2812 725 2865 ut
749 2799 797 2864 rel
820 2798 974 2866 librorum
995 2822 1106 2868 nume·

134 2929 174 2974 ms
192 2916 317 3003 probat:
341 2939 414 2982 nam
445 2916 497 2983 ille
518 2938 635 2997 unum,
664 2915 740 2980 haec
762 2913 867 3004 plures
894 2913 989 2980 libros
1012 2935 1105 2981 com-

133 3021 207 3110 plexa
237 3041 303 3108 est,
335 3031 399 3096 sire
428 3032 607 3120 acquiesces
640 3027 760 3116 vulgari
782 3025 917 3093 lectione
940 3033 976 3097 do
997 3033 1105 3118 ἐνάτῳ

133 3145 292 3216 Mostene
321 3169 376 3211 seu
400 3146 564 3210 restituere
587 3142 677 3208 malis
700 3148 736 3212 ἐν
759 3143 793 3212 α’
824 3151 891 3213 τῶν
915 3152 1103 3214 Μυθικῶν.

134 3245 223 3341 Caput
260 3281 337 3322 cero
376 3259 566 3348 quaestionis
604 3257 637 3322 in
672 3254 733 3322 hnc
773 3268 930 3335 versatur,
968 3257 1105 3322 luerint-

132 3386 164 3430 ne
190 3371 359 3438 Alexandri
391 3379 557 3456 Μυθικὰ,
587 3385 622 3439 ut
660 3371 850 3438 dcestoridis
883 3385 915 3436 et
954 3369 1106 3451 aliorum,

132 3487 166 3546 roi
183 3493 264 3554 κατὰ
285 3489 388 3559 πόλιν
419 3488 466 3554 rel
501 3493 586 3557 κατὰ
609 3493 750 3568 τόπους,
784 3509 822 3552 an
846 3483 966 3550 fabulas
990 3483 1107 3572 priscas

168 3589 261 3602 ⁸-

161 3619 181 3684 ¹l
196 3625 245 3674 llne
262 3629 355 3676 iaciunt
370 3627 436 3676 etiarn
453 3629 523 3678 rerba
540 3625 619 3677 Plrotii
635 3626 664 3674 da
682 3624 817 3674 Acestoridia
836 3623 927 3690 λόγοις
943 3623 960 3673 l.
977 3623 995 3672 l.
1008 3612 1106 3674 'Eorta

134 3710 174 3768 βλν
190 3703 235 3767 nire
252 3705 335 3779 οὗτος
349 3716 363 3768 ὁ
379 3722 456 3791 ἀνὴρ,
471 3721 561 3784 inquit,
579 3717 629 3770 οὐκ
650 3718 747 3784 ὀλίγον
767 3715 976 3786 εὖοτοχῶτιρον
994 3719 1032 3782 τῇ
1047 3717 1108 3766 ἐστι·

136 3817 217 3876 7οῦοῇ
233 3817 404 3883 κεχρῆσθαι·
422 3814 503 3885 ἂμὰρ
521 3811 611 3884 ἕτερον
628 3815 645 3880 ἢ
664 3810 731 3878 oi'yr
749 3811 931 3881 μετριώτεροι
946 3807 1036 3877 μηδὲν
1052 3810 1109 3860 ἕντι-

137 3907 311 3968 ὓθθηπίμενοι
331 3907 426 3973 diacos
446 3911 492 3961 καλ
512 3909 546 3968 ῶς
558 3909 653 3976 ἀληθῆ
668 3905 977 3972 σπουδαιολομησαντες
990 3903 1109 3970 ἀνεγρά-

137 4005 224 4059 θᾶπο,
241 4001 334 4051 ταῦθ’
353 3985 430 4060 οὗτος
448 4005 497 4054 σὺν
516 4005 555 4074 τῷ
580 4003 734 4069 φιλαλήθιι
756 4000 901 4063 μύθους
921 3998 1038 4055 καλέσας
1055 3999 1108 4062 τὴν

138 4093 195 4158 '‘²0'‘
214 4095 307 4148 αὐτῶν
329 4095 452 4164 ἱστορίαν
469 4100 486 4164 ἣ
503 4098 681 4164 μυθολογίαν
696 4125 729 4138 -
747 4095 933 4152 συνετάξατο.

935 4187 998 4248 11*
