2940 4900
649 359 712 424 tea

277 547 348 614 Sive
363 551 430 638 ipse
444 547 596 630 ambissit,
611 554 667 618 sesi
681 575 739 641 per
753 553 998 620 intemr'tntium.
1013 591 1056 602 -

313 785 348 846 Sl
366 795 418 866 qui
436 787 577 848 Ambitssit
593 794 721 867 pdlmam
742 791 944 852 ltstridnibrss:
965 827 1006 838 -·

307 899 364 952 slve
384 895 444 970 lpu
464 894 610 966 ambierit,
633 895 684 954 sesi
700 917 756 974 per
774 897 989 957 internuntium:
1009 929 1050 946 -·-

309 1007 365 1058 etse
385 1003 457 1058 eden
477 1003 584 1058 aediles
598 1003 753 1078 perffiose
772 1005 842 1080 quel
858 1006 960 1063 duint:

307 1109 443 1182 etrlmpse
463 1110 554 1183 legem
570 1103 662 1180 jriser’t
680 1127 741 1166 esse
760 1107 883 1185 lsiplter,

309 1219 392 1289 quaer·
412 1212 441 1270 sl
458 1219 658 1289 mgistratum
678 1212 733 1272 sibi
751 1216 868 1272 alterive
888 1213 1046 1273 ambirem.

226 1317 296 1377 lam
306 1315 496 1399 singulorum
508 1319 665 1390 rationem,
674 1338 767 1400 quam
775 1327 880 1400 potere
889 1315 1070 1396 brevissime,
1079 1315 1168 1379 dabo.

226 1421 267 1482 lu
292 1441 331 1481 vs.
355 1419 396 1482 69
415 1425 492 1482 Nam
512 1441 581 1482 eum
602 1419 767 1482 Riteehelic
791 1422 885 1484 versui
904 1423 1092 1506 praemittere
1119 1443 1170 1484 nc·

183 1527 344 1588 oesearium
357 1547 422 1586 uon
430 1525 515 1588 duxi.
540 1525 800 1610 simplicissimum
817 1537 893 1600 erat,
907 1529 1060 1609 geminati
1071 1529 1170 1592 medii

182 1632 302 1704 sccali,
327 1631 453 1693 seribere
475 1631 622 1692 ambiisse.
652 1637 686 1692 Si
705 1653 761 1715 pro
779 1641 836 1692 slve
857 1636 973 1716 egregie
992 1633 1171 1696 Bitschelius

182 1739 333 1822 repceuit,
351 1737 472 1808 duetus,
496 1735 600 1813 crede,
616 1737 682 1820 ipsc
705 1739 870 1800 sententiae
894 1749 1003 1800 encre.
1033 1739 1171 1800 Formam

183 1841 372 1926 singularem
386 1843 526 1902 ambllssr't
542 1840 594 1902 hic
614 1839 819 1902 inducendam
836 1844 958 1925 putavi,
975 1853 1010 1904 ut
1022 1843 1055 1902 in
1069 1864 1110 1906 rs.
1120 1844 1170 1916 71,

183 1967 244 2010 nee
260 1969 325 2010 nen
347 1949 428 2009 inira
443 1949 478 2009 in
494 1969 535 2010 ss.
555 1947 616 2019 83,·
631 1946 672 2009 84
694 1958 724 2009 et
742 1946 792 2009 85.
822 1949 889 2022 llr'e,
907 1971 925 2010 a
941 1947 1103 2012 Ritschelio
1123 1951 1170 2010 in·

183 2065 313 2126 sermm,
334 2053 393 2115 boc
413 2053 537 2138 quidem
557 2053 624 2114 loco
643 2073 708 2114 ucn
730 2053 838 2137 placet.

224 2159 276 2222 Vs.
296 2158 338 2222 7⁰
359 2159 481 2238 Arrtsee
500 2170 544 2221 est
565 2157 697 2234 tibicen,
718 2160 815 2243 isqui
834 2159 1036 2240 modoelacit,
1056 2171 1171 2235 canter,

184 2277 214 2328 et
237 2267 376 2350 quisquis
400 2277 550 2350 praeterea
575 2277 697 2350 propter
727 2276 820 2328 artem
846 2285 931 2327 suem
955 2266 1090 2352 aliquam
1112 2289 1171 2330 ece·

183 2375 258 2437 nico
278 2371 422 2458 choragio
443 2373 606 2455 adjunctus
621 2383 665 2434 est
671 2395 680 2450 3
701 2393 766 2434 non
786 2394 867 2446 vero,
887 2384 922 2434 ut
941 2393 1062 2458 operose
1084 2373 1173 2436 dccet

184 2479 368 2552 Lambinus,
388 2481 499 2554 lberto,
515 2479 619 2540 lucum
629 2499 668 2540 ex
683 2477 812 2540 absurdo
823 2479 1027 2556 absurdiorem
1037 2480 1172 2543 reddem

184 2585 284 2649 Verba
296 2609 347 2648 eeu
359 2594 534 2666 perscriptas
547 2593 658 2647 litteras
673 2586 800 2649 librario
811 2587 890 2648 male
900 2587 1004 2648 edalo
1016 2587 1116 2650 deberi
1130 2589 1171 2649 si·

184 2693 305 2766 dentur,
325 2695 381 2777 qur·
404 2691 479 2754 haee
496 2691 685 2774 adscripserit
703 2713 793 2776 supra
810 2691 866 2754 itta
889 2692 1031 2754 Plautina
1049 2715 1101 2754 seu
1119 2716 1174 2772 per

186 2809 401 2871 tetamrmttum,
418 2799 596 2860 sententiam
614 2817 668 2858 suc
681 2798 739 2860 iate
754 2799 877 2860 invento
897 2797 950 2876 (ab
969 2809 1089 2860 auctore
1102 2821 1172 2860 casu

184 2905 403 2990 praetermisso)
423 2904 597 2988 expleturus
612 2903 735 2965 scilicet
767 2903 912 2966 Similiter
928 2904 967 2967 ad
989 2907 1170 2968 balearibus

186 3011 299 3097 aliquis
318 3009 437 3071 addidit
458 3017 515 3070 else
539 3015 596 3069 elio
622 3013 735 3069 eudem
755 3013 862 3089 arefiet
887 3009 936 3074 sel
959 3011 1056 3074 simile
1081 3011 1171 3096 quid;

185 3119 335 3180 nimirum
357 3117 394 3178 de
413 3115 586 3179 cantoribus
608 3115 673 3178 illis
689 3114 919 3187 ettibicinibus
944 3119 1049 3182 mirere
1061 3119 1173 3180 sollici·

186 3235 244 3288 tue
266 3226 344 3286 llaec
363 3235 463 3286 autem
478 3222 620 3306 deinceps
640 3223 673 3283 in
692 3225 844 3285 senarium
858 3233 1051 3288 eccetaaunt.
1072 3225 1113 3286 lle
1124 3224 1172 3287 his

182 3331 251 3414 jam
264 3331 449 3414 argumentis
463 3329 684 3413 qualecumque
701 3339 790 3390 tuum
803 3331 842 3391 sit
848 3329 1011 3413 judicium,
1027 3329 1171 3392 boemibi

187 3435 307 3498 videtur
324 3455 385 3496 esse
402 3435 613 3506 certissimum,
631 3453 749 3496 versum
769 3433 819 3496 70Ι
829 3435 908 3496 male
919 3434 1092 3519 disjungere
1108 3455 1171 3496 ser·

187 3563 238 3603 sus
252 3541 294 3604 69
309 3553 340 3603 et
351 3541 407 3616 71,
427 3541 555 3626 ideoque
574 3538 621 3600 vel
633 3539 695 3600 alio
713 3539 781 3601 loco
800 3539 1029 3613 collocandum,
1040 3539 1089 3602 vel
1103 3541 1171 3621 reji-

187 3647 331 3710 ciendum
351 3667 419 3708 ease.

229 3755 278 3818 Vs.
307 3753 345 3816 71
379 3753 480 3815 seretis
507 3754 602 3836 gratie
630 3774 687 3838 pro
718 3762 776 3814 eise
807 3751 989 3814 Ritsehelius
1014 3775 1083 3826 σου,
1115 3775 1170 3838 ego

188 3859 409 3945 adstipulante,
435 3859 498 3919 imo
514 3857 642 3942 jubente
663 3879 751 3920 sensu
771 3859 843 3941 ejeci
863 3859 964 3940 potius
988 3869 1051 3938 qut,
1067 3869 1170 3942 utpote

188 3968 349 4051 repetitum
371 3985 408 4028 ex
426 3985 467 4028 ss.
487 3965 674 4049 praecedenti
692 3963 736 4048 (h.
754 3985 780 4025 e.
800 3985 840 4026 ss.
864 3961 927 4044 69).
952 3969 1021 4041 lpse
1037 3975 1095 4047 pro
1115 3973 1170 4042 r'psr·

189 4073 333 4159 praebent
353 4073 376 4134 B
399 4084 428 4134 et
448 4071 541 4144 rut,
563 4091 694 4156 quorum
712 4071 774 4132 duc
800 4080 919 4131 tautum
942 4069 1089 4152 pluralem
1110 4068 1168 4128 lor·
