2942 4902
760 331 800 394 tt

290 519 323 582 in
343 513 459 597 Sicilia,
484 514 595 597 Herse,
616 511 806 582 aedilitatem
819 537 851 580 se
871 530 976 604 peterc
994 513 1171 582 dictitasset.
1201 515 1266 584 Sed

290 653 396 721 neque
415 653 530 721 magno
549 651 642 718 opere
661 627 727 693 dixi
743 651 807 695 esse
823 625 916 694 nohis
930 626 1160 696 laborandum:
1177 629 1266 720 quod

290 742 391 811 nihilo
415 745 514 837 magis
541 745 570 810 ei
590 741 754 808 liciturum
773 758 851 809 essct
870 739 995 832 plebeio
1011 766 1079 810 rem
1103 741 1266 833 publicem

291 859 440 947 perdere,
463 883 564 951 quam
588 855 745 923 similibus
773 857 859 937 eius,
886 878 938 921 me
964 855 1108 940 consule,
1131 859 1267 947 patriciis

291 971 399 1039 suisset
412 970 545 1038 licitum.
577 971 666 1050 lam,
686 991 792 1059 quum
805 991 838 1034 se
855 965 908 1034 ille
929 970 1061 1058 septimo
1082 970 1134 1036 die
1148 973 1267 1038 venisse

292 1111 309 1151 a
326 1085 406 1153 freto
419 1108 526 1176 neque
543 1083 604 1150 sibi
626 1081 755 1150 obviam
771 1077 968 1174 quemquam
987 1082 1115 1172 prodire
1131 1083 1269 1172 potuisse

293 1219 323 1266 et
342 1217 441 1266 noctu
462 1225 494 1266 se
517 1199 661 1265 introisse
679 1197 807 1264 dixisset
825 1199 858 1262 in
876 1219 979 1286 eoque
1004 1219 1036 1261 se
1062 1199 1096 1262 in
1117 1198 1269 1262 concione

293 1317 448 1392 iactasset,
469 1311 551 1378 sulit
561 1321 592 1376 et·
604 1321 677 1381 uovt'
693 1311 758 1376 dixi
773 1309 939 1389 accidiam
955 1332 994 1374 ex
1010 1306 1122 1376 Sicilie
1136 1310 1270 1398 septimo

294 1428 345 1493 die
366 1427 516 1492 Romam:
546 1421 645 1490 tribus
665 1423 752 1489 Ιιοιιζι
780 1423 880 1487 Roma
910 1422 1147 1504 Interamnam
1173 1438 1271 1488 noctu

294 1542 453 1608 introisse:
481 1547 554 1604 item
576 1552 672 1620 ante;
699 1558 766 1602 non
787 1557 852 1602 esse
872 1537 955 1601 itum
975 1533 1118 1602 obviam:
1141 1561 1180 1600 ne
1208 1550 1271 1602 uem

294 1656 431 1746 quidem,
451 1677 544 1744 quum
564 1661 605 1717 tri
624 1660 761 1716 maxime
783 1650 898 1716 debuit.
936 1647 1024 1732 Quid
1046 1647 1197 1739 quaeris?
1212 1649 1273 1714 ho-

294 1769 415 1833 minem
428 1763 626 1856 petulantem
640 1763 821 1830 modestum
838 1761 936 1828 reddo
951 1785 1020 1828 non
1037 1759 1143 1828 solum
1161 1783 1274 1853 perpo-

294 1901 349 1948 ιιιιι
365 1883 516 1975 gravitate
536 1881 695 1962 orationis,
712 1879 767 1946 sed
785 1879 880 1944 etiam
894 1877 956 1944 hoo
974 1899 1087 1970 genere
1105 1877 1272 1944 dictorum.

338 2110 398 2202 lll.
423 2111 476 2175 39.
504 2107 628 2175 Verum
653 2108 663 2148 ¹
686 2104 786 2187 illud,
809 2106 903 2198 quod
921 2109 1118 2174 institueram
1146 2106 1267 2186 dicere,

294 2222 479 2288 huiusmodi
496 2237 551 2287 est.
581 2217 790 2288 Pulchellus'
810 2239 917 2288 noster
933 2219 1061 2302 volitet,
1074 2219 1170 2301 furit,
1189 2215 1272 2286 nihil

293 2333 392 2400 habet
406 2336 500 2412 certi3
517 2330 626 2400 multis
643 2333 829 2413 denuntiat3
850 2334 940 2426 quod
959 2333 1024 2400 sors
1045 2331 1216 2414 obtulerit,
1238 2331 1273 2398 id

294 2464 423 2515 acturus
442 2449 578 2516 videtur.
609 2448 721 2531 Quum
746 2447 851 2528 videt,
872 2470 938 2538 quo
959 2449 1000 2512 sit
1026 2449 1059 2514 in
1084 2447 1158 2514 odio
1174 2463 1272 2514 status

293 2563 347 2628 hic
364 2583 489 2644 rerum,
507 2563 541 2627 in
557 2583 621 2642 eos,
642 2563 700 2651 qui
715 2559 794 2626 haec
803 2577 950 2652 egerunt,
963 2561 1121 2650 impetum
1132 2559 1273 2626 lecturus

294 2676 436 2753 videtum
452 2699 558 2766 quum
572 2691 680 2740 autem
697 2697 808 2740 rursus
825 2695 901 2763 opes
917 2689 949 2738 et
965 2673 1033 2739 vim
1043 2675 1201 2741 exercitus
1222 2695 1273 2740 re-

294 2789 454 2872 cordatur,
472 2789 629 2854 convertit
645 2809 677 2852 se
691 2788 726 2852 in
743 2809 811 2852 nos.
839 2783 942 2851 Nobis
958 2801 1066 2853 autem
1083 2787 1158 2876 ipsis
1169 2809 1274 2878 quum

293 2905 376 2984 vim,
387 2919 466 2968 tum
487 2901 644 2968 iudicium
662 2902 814 2967 minetur.
847 2901 899 2965 33.
917 2898 1004 2966 Cum
1023 2899 1086 2966 hoc
1102 2899 1274 2990 Pompeius

294 3015 378 3108 egit,
402 3031 455 3096 et,
476 3031 514 3080 ut
531 3015 572 3081 ad
594 3015 729 3104 meipso
750 3011 906 3080 referebat
931 3053 971 3064 -··
989 3010 1091 3081 alium
1112 3016 1199 3082 enim
1215 3013 1274 3079 lnt-

293 3127 355 3196 boo
369 3129 532 3196 neminem
541 3145 652 3196 testem
667 3163 723 3210 -,
744 3127 948 3195 vehementer
962 3129 1045 3221 egit,
1065 3149 1171 3222 quum
1188 3127 1274 3193 dice·

294 3257 343 3310 tet
361 3243 396 3308 in
413 3265 537 3308 summu
561 3265 594 3309 se
618 3240 767 3332 perfidiae
791 3259 823 3308 et
846 3237 969 3308 sceleris
990 3239 1122 3308 infamia
1141 3239 1227 3322 fore,
1246 3243 1272 3306 si

294 3353 374 3421 milri
394 3351 575 3444 periculum
597 3371 758 3421 crearettn·
772 3353 814 3420 ab
835 3377 885 3434 eo,
906 3375 1006 3444 quem
1021 3355 1087 3443 ipse
1108 3368 1273 3435 armasset,

295 3491 400 3560 quum
416 3465 581 3558 plebeium
601 3467 669 3534 lieri
687 3491 795 3556 passus
813 3483 907 3548 esset3
929 3466 985 3533 sed
999 3465 1099 3532 fldem
1120 3467 1273 3556 recepisse

294 3579 355 3648 sibi
374 3597 407 3647 et
425 3583 531 3670 ipsum
549 3597 581 3647 et
595 3579 741 3670 Appium
762 3581 802 3648 de
822 3604 892 3660 me;
911 3581 998 3648 hsnc
1018 3583 1044 3648 si
1062 3579 1117 3648 ille
1130 3604 1198 3648 non
1209 3603 1275 3648 ser-

295 3711 402 3776 varet,
429 3696 472 3760 ita
492 3691 656 3773 laturum,
679 3711 716 3760 ut
741 3717 851 3764 omnes
877 3692 1092 3790 intelligerent
1111 3692 1195 3762 nihil
1213 3693 1274 3760 sibi

296 3809 460 3898 antiquius
480 3809 616 3874 amicitia
632 3823 739 3876 nostre
757 3808 862 3876 luisse.
897 3809 984 3878 llaec
1006 3811 1092 3876 etin
1110 3831 1182 3876 etun
1203 3829 1275 3874 sett-

333 4033 355 4102 ¹)
375 4037 399 4088 ἱιι
418 4035 518 4087 Verrem
537 4037 590 4087 Act.
611 4039 632 4087 1.
653 4053 674 4087 c.
698 4041 741 4088 ts.
761 4035 774 4107 ς
794 4041 837 4090 st.
857 4065 891 4076 -
909 4035 933 4104 1)
955 4039 985 4090 sd
1004 4040 1057 4090 stt.
1076 4038 1109 4089 11.
1130 4037 1175 4086 ss.
1196 4033 1209 4104 §
1228 4037 1255 4082 t.
