2862 4894
613 315 654 376 33

173 507 227 562 tota
261 519 306 562 ras
335 519 394 562 uon
426 497 564 564 solunte
594 519 661 576 me,
694 496 865 565 sedetiam
890 521 907 564 a
932 510 1038 566 senatu
1062 513 1134 567 eta

171 610 273 700 populo
292 611 454 678 manifesto
482 609 778 701 deprehenderetur.

205 837 286 907 xxi.
305 843 360 907 78.
377 841 490 931 ltaque
505 861 515 900 ι
533 842 697 910 confestim
712 841 750 910 L.
774 840 924 908 l'lecoum
947 853 979 906 et
996 839 1030 908 G.
1044 841 1135 907 Pom·

169 953 295 1040 ptinnns,
320 967 496 1046 praetores,
520 957 704 1026 fortissimos
726 968 823 1046 atque
846 955 1071 1022 amantissimos
1090 955 1135 1022 rei

169 1066 299 1154 publicae
324 1069 420 1144 viros.
447 1071 488 1138 ed
513 1093 562 1138 me
583 1071 710 1138 soceri:
740 1092 807 1136 reru
831 1092 955 1136 omnem
979 1069 1131 1158 esposuit

168 1181 230 1268 quid
260 1184 329 1250 fieri
354 1185 514 1275 placeret,
542 1185 676 1255 ostendi.
725 1186 780 1254 llli
799 1199 919 1264 auteur,
944 1185 1000 1274 qui
1032 1184 1136 1250 omnia

167 1295 245 1362 dere
269 1297 400 1386 publica
420 1300 580 1390 praeclare
612 1313 705 1390 etque
726 1300 850 1390 egregie
876 1298 1044 1378 sentirent,
1068 1297 1134 1362 siue

168 1413 347 1479 recusatione
373 1435 410 1479 rc
438 1413 505 1480 sine
523 1411 585 1478 ulls
610 1435 696 1478 more
723 1413 881 1502 negotium
908 1423 1133 1500 susceperunt,

165 1535 204 1602 et,
225 1549 322 1616 quum
348 1526 635 1618 advesperasceret,
659 1527 784 1594 occulte
806 1525 845 1591 ud
868 1537 998 1615 pontem
1015 1523 1135 1590 Mului-

167 1659 207 1704 un
225 1653 458 1729 pervenerunt,
491 1653 587 1732 atque
611 1642 657 1716 ibi
680 1643 712 1706 iu
737 1633 887 1730 proximis
911 1639 993 1706 rillis
1020 1639 1064 1706 ita
1087 1639 1135 1704 bi·

168 1753 265 1840 partito
287 1754 435 1838 luerunt,
453 1768 487 1822 ut
513 1755 636 1822 Tiberis
652 1755 735 1822 inter
757 1775 809 1820 eos
825 1765 857 1818 et
868 1776 948 1843 pons
960 1754 1132 1818 interesset.

170 1865 264 1936 lodern
297 1882 408 1936 autern
437 1884 469 1938 et
499 1871 579 1961 ipsi,
612 1871 678 1935 sine
708 1869 894 1958 cuiusquam
931 1868 1132 1956 suspicione,

175 1981 260 2050 udtos
283 1986 385 2052 fortes
409 1986 489 2052 riros
512 1984 709 2063 eduxerunt,
745 1996 778 2050 et
800 2005 857 2073 ego
881 2005 917 2050 er
940 1982 1136 2073 praefectura

171 2090 277 2166 licetine
296 2098 477 2189 complures
494 2099 633 2166 delectos
646 2096 869 2178 adolescentes,
889 2118 1024 2188 quorum
1043 2119 1136 2186 opera

166 2207 189 2272 iu
212 2234 242 2278 re
273 2212 404 2303 publice
435 2213 556 2281 assidue
584 2215 713 2299 utebar,
740 2211 896 2304 praesidio
927 2234 1001 2280 onus
1025 2211 1136 2302 gladiis

165 2323 305 2394 miserem.
346 2329 550 2396 noluerim
573 2329 663 2399 tertie
688 2329 753 2396 iere
773 2327 878 2418 uigilia
898 2338 1015 2404 eructa,
1037 2347 1134 2416 quoru

165 2435 213 2504 isto
233 2456 364 2530 pontem
385 2441 538 2510 llulrium
562 2465 675 2532 magno
694 2443 847 2508 comitatu
868 2441 963 2530 legati
986 2439 1133 2507 Allobro·

162 2571 222 2636 gum
242 2553 365 2644 ingredi
386 2557 578 2646 inciperent,
598 2579 722 2646 unaque
743 2555 945 2636 Volturcius,
970 2555 1007 2620 fit
1030 2556 1061 2618 in
1083 2577 1135 2620 eos

163 2663 304 2756 inpetus:
329 2669 508 2738 ducuntur
530 2683 561 2736 et
585 2669 625 2736 ab
648 2671 710 2736 illis
724 2669 819 2760 gladii
836 2682 868 2737 et
886 2692 903 2736 a
922 2667 1047 2734 nostris.
1074 2668 1134 2732 lies

163 2793 217 2846 erat
229 2784 425 2871 praetoribus
442 2797 516 2852 nota
532 2784 617 2850 solis:
633 2783 836 2872 ignorabatur
848 2807 865 2848 a
877 2782 999 2850 ceteris.
1016 2779 1095 2846 Tum
1111 2779 1134 2857 ²,

164 2893 331 2964 interventu
354 2900 514 2990 Pomptini
543 2913 638 2989 atque
669 2898 794 2983 Flacci,
819 2919 938 2989 pugne,
965 2918 1045 2988 quae
1068 2905 1134 2960 erat

162 3011 333 3095 commissa,
358 3013 494 3080 sedetur.
544 3013 687 3094 literae,
708 3035 914 3104 quaecuuque
937 3025 1027 3078 erent
1047 3011 1078 3074 in
1095 3032 1132 3074 eo

161 3124 318 3206 comitatu,
346 3127 474 3217 integris
497 3129 608 3218 siguis,
634 3129 832 3218 praetoribus
857 3127 1044 3194 truduntur:
1073 3127 1131 3215 ipsi

161 3241 378 3328 comprehensi,
392 3243 429 3310 ad
444 3265 507 3324 me,
517 3266 615 3333 quum
625 3244 682 3308 iaus
692 3243 908 3324 dilucesceret,
919 3241 1132 3308 deducuntur.

160 3351 207 3416 80.
229 3350 328 3420 Ouor
344 3351 356 3389 ³
373 3358 445 3438 ills,
471 3379 552 3447 quae
574 3381 673 3448 paene
696 3371 836 3424 aeternas
860 3356 935 3424 huic
953 3357 1025 3422 urbi
1042 3333 1132 3422 tene·

160 3463 223 3534 bras
244 3472 388 3554 attulisti,
413 3495 513 3562 quum
538 3471 621 3538 Galli
644 3473 683 3540 ad
707 3472 835 3551 bellum,
858 3471 993 3540 Catilina
1009 3469 1051 3536 'ad
1072 3471 1132 3535 Ur-

162 3579 242 3664 bem,
274 3587 426 3654 coniurati
459 3587 498 3654 ud
522 3589 641 3654 ferrum
666 3601 697 3655 et
723 3588 882 3673 llernmem
914 3586 1127 3654 vocabantur:

161 3716 250 3782 quum
269 3723 324 3789 ego
349 3714 397 3781 te,
419 3702 557 3783 Flacco,
582 3702 706 3770 coelum
728 3714 919 3790 noctemque
942 3713 1130 3779 contestans,

161 3807 230 3876 llens
251 3812 378 3882 flentem
402 3814 599 3882 obtestebsr:
629 3839 728 3906 quum
751 3827 823 3882 tuae
847 3811 920 3878 lidei
940 3815 1076 3904 optimae
1097 3824 1131 3876 et

161 3975 289 3994 ὴ

191 4063 1124 4147 ethites-²)cuneta-rmsementim.
1270 4043 1273 4050 '

1002 4173 1021 4232 ³
