2772 4902
762 324 823 385 158

515 577 533 658 §
562 573 610 634 19.
636 575 833 654 Θαυμασίων
856 582 1040 656 συναγωγή.

335 733 379 801 Ut
409 733 469 799 hoc
493 737 687 824 potissimum
713 734 781 797 loco
805 733 843 798 dc
867 734 950 798 libro
973 757 1072 821 agam,
1098 735 1151 824 qui
1179 740 1285 805 Θαυ-

288 859 389 934 μάσιά
414 850 522 914 mundi
546 839 725 937 complexus
741 863 796 927 est,
812 861 843 914 et
860 864 1077 937 argumentum
1094 849 1201 938 ipsum
1221 873 1285 937 po·
1370 909 1371 930 ,

290 965 384 1030 stulat
408 978 439 1029 ct
462 963 570 1029 suadet
596 965 781 1052 Protagorae
805 965 984 1052 Perlegetae
1002 966 1201 1052 exemplum,
1225 963 1286 1052 qui

291 1101 388 1167 quum
413 1079 708 1144 commentariorum
735 1079 821 1142 libris
839 1081 980 1168 quinque
997 1080 1153 1167 prioribus
1169 1080 1287 1167 perie—
1370 1085 1371 1096 ²

290 1196 375 1282 gesin
399 1194 556 1284 quandam
581 1195 751 1282 scripsisset
776 1193 867 1260 Asiae
891 1207 922 1259 et
939 1195 1072 1268 Africae,
1087 1193 1284 1282 quinetiam

289 1307 446 1398 Europae,
464 1321 549 1374 sexto
574 1309 656 1373 libro
672 1310 772 1374 simile
788 1293 1005 1397 argumentum
1021 1309 1177 1374 tractarit.
1222 1309 1286 1372 Te·

291 1424 345 1488 stis
368 1423 447 1495 mihi
462 1437 508 1488 est
521 1421 668 1500 Photius‚
687 1403 762 1512 dui:
787 1431 833 1492 Τὸ
855 1427 952 1494 ’ίιιτον
966 1424 1138 1514 (βιβλίον),
1156 1424 1282 1512 inquit,

292 1543 462 1627 σείστοιγον
485 1543 555 1616 πάις
580 1544 647 1606 ἐστι
664 1551 705 1626 τῇ
721 1541 1020 1626 Ἀλεξάνδρου
1044 1552 1285 1624 συναγωγῇ·
1370 1599 1371 1602 ,

292 1659 360 1722 τῶν
383 1659 445 1739 γάρ
474 1659 559 1722 κατά
580 1660 640 1738 τὴν
664 1655 861 1742 οίαουμίνην
893 1653 1283 1738 παραδοξολογουμένων

292 1774 476 1858 ἀναγράφει
501 1778 567 1855 τὴν.
588 1775 751 1857 ἱστορίαν,
767 1760 815 1838 ὧν
832 1775 872 1837 τοὶ
895 1773 955 1854 μίν
973 1777 1017 1846 εἷς
1040 1770 1285 1857 ἀρχαιοτέρους

294 1887 477 1970 ἀναγράφει
501 1892 561 1969 τὴν
583 1888 746 1970 ἱστορίαν,
771 1883 934 1951 πολλὰδὲ
959 1887 1015 1949 καί
1039 1887 1083 1960 είς
1106 1886 1283 1968 αὐτοψίαν

291 1999 403 2074 ἐ’λιιει,
442 2000 501 2067 οὖν
538 2000 678 2066 ἔλαττον
712 2007 778 2067 τῶν
812 1998 924 2066 ἄλλων
956 1997 1215 2085 προβαλλόμενα
1245 2001 1283 2062 τά

290 2115 481 2198 παράδοξον
506 2111 530 2177 ¹.
579 2112 768 2191 Historiam,
793 2125 828 2176 ut
853 2111 893 2175 ita
918 2111 1034 2191 dicarn,
1059 2133 1095 2175 ac
1120 2111 1282 2175 rationem

291 2223 445 2290 eiusmodi
470 2226 622 2292 librorum
647 2237 826 2314 persecutus
842 2238 912 2313 post
927 2227 1079 2291 Eltertum
1098 2223 1111 2264 ²
1132 2224 1282 2290 Wester·

291 2361 422 2404 mannus
446 2341 604 2406 verissime
627 2339 764 2405 effecisse
788 2340 927 2418 ridetur,
953 2346 1156 2425 Θαυμασίοις
1182 2339 1281 2404 colli-

290 2452 397 2542 gendis
419 2454 557 2542 primum
579 2452 805 2520 Callimachum
820 2475 946 2542 operam
963 2453 1092 2530 dedisse,
1110 2465 1278 2518 auctorem

292 2572 474 2654 Θαυμάσιον
496 2577 563 2637 τῶν
577 2575 622 2646 εἷς
634 2573 769 2640 ἅπασαν
781 2576 842 2652 τὴν
852 2579 914 2652 γῆν
934 2573 1019 2634 κατὰ
1034 2575 1155 2645 τόπους
1165 2573 1278 2637 ὄντων

287 2693 483 2767 συναγωγῆς
507 2679 530 2720 ³·
558 2704 658 2771 usque
684 2705 737 2746 nos
761 2679 838 2745 adeo
861 2703 929 2745 cam
955 2704 1019 2747 rern
1046 2704 1129 2746 nunc
1147 2681 1278 2746 curabi-

290 2817 376 2873 mus,
399 2796 452 2861 sed
469 2794 529 2861 hoc
543 2819 636 2885 porro
653 2819 790 2885 agemus,
806 2809 841 2860 ut
853 2765 891 2860 iss
904 2795 971 2859 aliis
995 2817 1121 2886 quoque
1136 2798 1278 2862 testimo-

290 2909 351 2974 niis
369 2909 473 2975 Photii
491 2923 632 2976 naturam
647 2911 749 3000 operis
765 2909 939 2975 Corneliani
958 2909 1158 2976 illustremus.
1186 2911 1277 2978 Clas-

292 3025 390 3090 sicum
415 3024 512 3111 igitur
535 3024 638 3090 locum
658 3025 702 3100 ,de
726 3024 807 3089 libro
820 3023 987 3089 Alexandri
1005 3025 1274 3090 hunoessescito:

291 3139 515 3226 Ἀνεγνιίισθη
540 3141 825 3224 Ἀλεξάνδρου
861 3143 1115 3224 Θαυμασίων
1154 3166 1275 3208 ουνα·

291 3261 414 3336 γοογή.
438 3252 526 3334 λέγει
545 3258 606 3337 μίν
625 3259 661 3322 ἐν
685 3261 730 3340 τῷ
752 3255 874 3343 βιβλίῳ
898 3255 1005 3321 πολλὰ
1029 3255 1197 3341 τερατώδη
1217 3256 1273 3318 ital

289 3373 435 3444 ἄπιστα,
458 3367 545 3450 πλὴν
572 3369 695 3446 ἄλλους
718 3375 785 3437 τῶν
809 3371 868 3435 οὐκ
882 3371 1021 3454 α’φανιῐιν
1035 3374 1154 3450 εἰσάγει
1167 3377 1273 3438 ταῦτα

291 3481 324 3562 (l-
353 3479 470 3568 ταύτὰ)
495 3493 808 3568 προιστορήσαντας.
835 3484 923 3566 λέγει
952 3485 986 3550 δὲ
1012 3487 1089 3569 περί
1112 3511 1147 3551 τε
1180 3486 1273 3561 ζώων

291 3599 346 3660 ιιαί
371 3601 483 3678 φυτῶν
513 3603 568 3663 καί
594 3604 706 3682 χωρῶν
731 3605 833 3666 τινῶν
859 3603 915 3664 καί
935 3605 1093 3682 ποταμῶν
1114 3603 1170 3664 καί
1198 3623 1273 3680 κρη·

290 3715 358 3777 νῶν
379 3715 435 3776 ιιαί
466 3715 620 3798 βοτανῶν
653 3718 708 3777 καί
738 3719 805 3780 τῶν
830 3719 999 3780 τοιούτων.
1024 3719 1127 3796 σαφίγς
1156 3713 1190 3778 δὲ
1215 3713 1271 3791 τὴν

326 3996 347 4058 ¹)
366 3997 434 4046 uttt.
454 3993 512 4045 188.
530 4015 552 4058 p.
572 3994 621 4042 tto
639 3995 661 4044 b.
678 3993 718 4045 20.
737 4025 771 4036 -
788 3995 814 4058 2)
833 3998 903 4046 Dirc.
924 3999 975 4046 Sia.
995 4000 1013 4046 l.
1031 4017 1053 4060 p.
1074 3994 1122 4045 tos
1139 4013 1189 4059 sqq.

324 4087 351 4154 ³)
370 4091 454 4152 umas,
473 4091 646 4156 Porodoaeogr.
664 4107 685 4154 p.
697 4091 729 4138 tx
740 4106 791 4152 sqq.
