<?xml version="1.0" encoding="UTF-8"?>
<!DOCTYPE html PUBLIC "-//W3C//DTD XHTML 1.0 Transitional//EN"
    "http://www.w3.org/TR/xhtml1/DTD/xhtml1-transitional.dtd">
<html xmlns="http://www.w3.org/1999/xhtml" xml:lang="en" lang="en">
 <head>
  <title>
</title>
<meta http-equiv="Content-Type" content="text/html;charset=utf-8" />
  <meta name='ocr-system' content='tesseract 3.04.00' />
  <meta name='ocr-capabilities' content='ocr_page ocr_carea ocr_par ocr_line ocrx_word'/>
</head>
<body>
  <div class='ocr_page' id='page_1' title='image "./miscellaneaphil00paedgoog_0106.png"; bbox 0 0 2772 4902; ppageno 0'>
   <div class='ocr_carea' id='block_1_1' title="bbox 647 315 686 377">
    <p class='ocr_par' dir='ltr' id='par_1_1' title="bbox 647 315 686 377">
     <span class='ocr_line' id='line_1_1' title="bbox 647 315 686 377; baseline -0.051 0"><span class='ocrx_word' id='word_1_1' title='bbox 647 315 686 377; x_wconf 83' lang='lat'>91</span> 
     </span>
    </p>
   </div>
   <div class='ocr_carea' id='block_1_2' title="bbox 158 496 1162 3106">
    <p class='ocr_par' dir='ltr' id='par_1_2' title="bbox 158 496 1162 3106">
     <span class='ocr_line' id='line_1_2' title="bbox 164 496 1155 590; baseline 0.01 -30"><span class='ocrx_word' id='word_1_2' title='bbox 164 497 307 586; x_wconf 69' lang='lat' dir='ltr'>qligant.</span> <span class='ocrx_word' id='word_1_3' title='bbox 349 496 429 582; x_wconf 82' lang='lat' dir='ltr'>Quid</span> <span class='ocrx_word' id='word_1_4' title='bbox 453 499 567 563; x_wconf 89' lang='lat' dir='ltr'>mirum</span> <span class='ocrx_word' id='word_1_5' title='bbox 595 498 692 577; x_wconf 89' lang='lat' dir='ltr'>adeo,</span> <span class='ocrx_word' id='word_1_6' title='bbox 724 503 749 564; x_wconf 88' lang='lat' dir='ltr'>si</span> <span class='ocrx_word' id='word_1_7' title='bbox 778 502 809 564; x_wconf 94' lang='lat' dir='ltr'>in</span> <span class='ocrx_word' id='word_1_8' title='bbox 834 499 977 590; x_wconf 87' lang='lat' dir='ltr'>reliquiis</span> <span class='ocrx_word' id='word_1_9' title='bbox 1001 502 1155 570; x_wconf 87' lang='lat' dir='ltr'>librorum</span> 
     </span>
     <span class='ocr_line' id='line_1_3' title="bbox 163 611 1157 702; baseline 0.01 -28"><span class='ocrx_word' id='word_1_10' title='bbox 163 611 310 675; x_wconf 84' lang='lat' dir='ltr'>alienius</span> <span class='ocrx_word' id='word_1_11' title='bbox 344 611 508 677; x_wconf 76' lang='lat' dir='ltr'>Alexandri</span> <span class='ocrx_word' id='word_1_12' title='bbox 536 613 739 701; x_wconf 87' lang='lat' dir='ltr'>disponendis</span> <span class='ocrx_word' id='word_1_13' title='bbox 775 615 886 702; x_wconf 87' lang='lat' dir='ltr'>passim</span> <span class='ocrx_word' id='word_1_14' title='bbox 923 616 1065 688; x_wconf 76' lang='lat' dir='ltr'>haereas.</span> <span class='ocrx_word' id='word_1_15' title='bbox 1106 622 1157 684; x_wconf 86' lang='lat' dir='ltr'>cui</span> 
     </span>
     <span class='ocr_line' id='line_1_4' title="bbox 165 724 1162 818; baseline 0.009 -30"><span class='ocrx_word' id='word_1_16' title='bbox 165 727 303 791; x_wconf 80' lang='lat' dir='ltr'>auctori</span> <span class='ocrx_word' id='word_1_17' title='bbox 342 724 402 790; x_wconf 87' lang='lat' dir='ltr'>hoo</span> <span class='ocrx_word' id='word_1_18' title='bbox 433 726 549 792; x_wconf 75' lang='lat' dir='ltr'>illudve</span> <span class='ocrx_word' id='word_1_19' title='bbox 582 727 803 794; x_wconf 75' lang='lat' dir='ltr'>vindicandum</span> <span class='ocrx_word' id='word_1_20' title='bbox 831 730 889 806; x_wconf 84' lang='lat' dir='ltr'>sit;</span> <span class='ocrx_word' id='word_1_21' title='bbox 921 731 996 818; x_wconf 93' lang='lat' dir='ltr'>quid</span> <span class='ocrx_word' id='word_1_22' title='bbox 1031 733 1162 810; x_wconf 90' lang='lat' dir='ltr'>mirum,</span> 
     </span>
     <span class='ocr_line' id='line_1_5' title="bbox 160 839 1157 932; baseline 0.006 -28"><span class='ocrx_word' id='word_1_23' title='bbox 160 839 1157 932; x_wconf 58' lang='lat' dir='ltr'>dqmdmdmmmafflmm,mmnmmmmmmmmme</span> 
     </span>
     <span class='ocr_line' id='line_1_6' title="bbox 160 940 1152 1044; baseline 0.005 -26"><span class='ocrx_word' id='word_1_24' title='bbox 160 955 454 1043; x_wconf 76' lang='lat' dir='ltr'>progrederentur,</span> <span class='ocrx_word' id='word_1_25' title='bbox 491 956 521 1020; x_wconf 93' lang='lat' dir='ltr'>in</span> <span class='ocrx_word' id='word_1_26' title='bbox 541 957 737 1044; x_wconf 76' lang='lat' dir='ltr'>gravissimos</span> <span class='ocrx_word' id='word_1_27' title='bbox 760 977 880 1020; x_wconf 83' lang='lat' dir='ltr'>errores</span> <span class='ocrx_word' id='word_1_28' title='bbox 905 940 1076 1022; x_wconf 75' lang='lat' dir='ltr'>inciderint</span> <span class='ocrx_word' id='word_1_29' title='bbox 1101 972 1152 1040; x_wconf 88' lang='lat' dir='ltr'>et,</span> 
     </span>
     <span class='ocr_line' id='line_1_7' title="bbox 162 1069 1156 1149; baseline 0.005 -17"><span class='ocrx_word' id='word_1_30' title='bbox 162 1091 241 1134; x_wconf 75' lang='lat' dir='ltr'>rere</span> <span class='ocrx_word' id='word_1_31' title='bbox 262 1083 300 1134; x_wconf 92' lang='lat' dir='ltr'>ut</span> <span class='ocrx_word' id='word_1_32' title='bbox 324 1069 486 1149; x_wconf 75' lang='lat' dir='ltr'>volebant,</span> <span class='ocrx_word' id='word_1_33' title='bbox 513 1069 557 1134; x_wconf 89' lang='lat' dir='ltr'>ita</span> <span class='ocrx_word' id='word_1_34' title='bbox 581 1069 656 1134; x_wconf 85' lang='lat' dir='ltr'>salsa</span> <span class='ocrx_word' id='word_1_35' title='bbox 681 1071 743 1135; x_wconf 88' lang='lat' dir='ltr'>sint</span> <span class='ocrx_word' id='word_1_36' title='bbox 771 1069 923 1134; x_wconf 83' lang='lat' dir='ltr'>assecuti?</span> <span class='ocrx_word' id='word_1_37' title='bbox 971 1071 1077 1136; x_wconf 90' lang='lat' dir='ltr'><strong>Nolim</strong></span> <span class='ocrx_word' id='word_1_38' title='bbox 1106 1095 1156 1137; x_wconf 91' lang='lat' dir='ltr'>re·</span> 
     </span>
     <span class='ocr_line' id='line_1_8' title="bbox 161 1183 1156 1274; baseline 0.004 -26"><span class='ocrx_word' id='word_1_39' title='bbox 161 1205 310 1272; x_wconf 82' lang='lat' dir='ltr'>coquere</span> <span class='ocrx_word' id='word_1_40' title='bbox 344 1207 423 1272; x_wconf 89' lang='lat' dir='ltr'>quae</span> <span class='ocrx_word' id='word_1_41' title='bbox 453 1183 508 1248; x_wconf 91' lang='lat' dir='ltr'>din</span> <span class='ocrx_word' id='word_1_42' title='bbox 538 1197 609 1248; x_wconf 87' lang='lat' dir='ltr'>sunt</span> <span class='ocrx_word' id='word_1_43' title='bbox 644 1183 784 1250; x_wconf 87' lang='lat' dir='ltr'>deonota.</span> <span class='ocrx_word' id='word_1_44' title='bbox 831 1184 955 1250; x_wconf 87' lang='lat' dir='ltr'>Tacebo</span> <span class='ocrx_word' id='word_1_45' title='bbox 992 1187 1085 1274; x_wconf 83' lang='lat' dir='ltr'>igitur</span> <span class='ocrx_word' id='word_1_46' title='bbox 1117 1187 1156 1252; x_wconf 91' lang='lat' dir='ltr'>de</span> 
     </span>
     <span class='ocr_line' id='line_1_9' title="bbox 162 1297 1157 1391; baseline 0.002 -26"><span class='ocrx_word' id='word_1_47' title='bbox 162 1298 352 1365; x_wconf 70' lang='lat' dir='ltr'>Cotiaensi</span> <span class='ocrx_word' id='word_1_48' title='bbox 372 1297 550 1364; x_wconf 77' lang='lat' dir='ltr'>Alexandro</span> <span class='ocrx_word' id='word_1_49' title='bbox 575 1321 647 1365; x_wconf 87' lang='lat' dir='ltr'>eum</span> <span class='ocrx_word' id='word_1_50' title='bbox 671 1297 891 1391; x_wconf 66' lang='lat' dir='ltr'>Polydistore</span> <span class='ocrx_word' id='word_1_51' title='bbox 914 1324 931 1364; x_wconf 89' lang='lat' dir='ltr'>a</span> <span class='ocrx_word' id='word_1_52' title='bbox 955 1302 1061 1366; x_wconf 89' lang='lat' dir='ltr'>multis</span> <span class='ocrx_word' id='word_1_53' title='bbox 1084 1325 1157 1390; x_wconf 90' lang='lat' dir='ltr'>per·</span> 
     </span>
     <span class='ocr_line' id='line_1_10' title="bbox 160 1413 1157 1506; baseline 0.003 -28"><span class='ocrx_word' id='word_1_54' title='bbox 160 1427 291 1479; x_wconf 86' lang='lat' dir='ltr'>mutato</span> <span class='ocrx_word' id='word_1_55' title='bbox 318 1414 346 1496; x_wconf 88' lang='lat'>¹;</span> <span class='ocrx_word' id='word_1_56' title='bbox 378 1413 488 1480; x_wconf 78' lang='lat' dir='ltr'><strong>tacebo</strong></span> <span class='ocrx_word' id='word_1_57' title='bbox 514 1415 609 1480; x_wconf 87' lang='lat' dir='ltr'>etiam</span> <span class='ocrx_word' id='word_1_58' title='bbox 632 1413 671 1478; x_wconf 93' lang='lat' dir='ltr'>de</span> <span class='ocrx_word' id='word_1_59' title='bbox 693 1413 868 1502; x_wconf 72' lang='lat' dir='ltr'>Ephesio,</span> <span class='ocrx_word' id='word_1_60' title='bbox 894 1437 988 1504; x_wconf 90' lang='lat' dir='ltr'>quern</span> <span class='ocrx_word' id='word_1_61' title='bbox 1021 1417 1081 1482; x_wconf 83' lang='lat' dir='ltr'>fuit</span> <span class='ocrx_word' id='word_1_62' title='bbox 1104 1439 1157 1506; x_wconf 85' lang='lat' dir='ltr'>pa·</span> 
     </span>
     <span class='ocr_line' id='line_1_11' title="bbox 161 1529 1156 1618; baseline 0.003 -23"><span class='ocrx_word' id='word_1_63' title='bbox 161 1533 244 1596; x_wconf 88' lang='lat' dir='ltr'>riter</span> <span class='ocrx_word' id='word_1_64' title='bbox 282 1533 339 1618; x_wconf 89' lang='lat' dir='ltr'>qni</span> <span class='ocrx_word' id='word_1_65' title='bbox 369 1529 502 1596; x_wconf 87' lang='lat' dir='ltr'>eundem</span> <span class='ocrx_word' id='word_1_66' title='bbox 530 1530 672 1594; x_wconf 85' lang='lat' dir='ltr'>erederet</span> <span class='ocrx_word' id='word_1_67' title='bbox 700 1552 736 1594; x_wconf 88' lang='lat' dir='ltr'>an</span> <span class='ocrx_word' id='word_1_68' title='bbox 762 1529 1010 1616; x_wconf 75' lang='lat' dir='ltr'>polyhistorem</span> <span class='ocrx_word' id='word_1_69' title='bbox 1034 1529 1047 1567; x_wconf 84' lang='lat'><em>²</em></span> <span class='ocrx_word' id='word_1_70' title='bbox 1062 1559 1070 1609; x_wconf 89' lang='lat'>;</span> <span class='ocrx_word' id='word_1_71' title='bbox 1102 1533 1156 1598; x_wconf 83' lang='lat' dir='ltr'>sed</span> 
     </span>
     <span class='ocr_line' id='line_1_12' title="bbox 161 1642 1156 1732; baseline 0.002 -24"><span class='ocrx_word' id='word_1_72' title='bbox 161 1647 250 1710; x_wconf 90' lang='lat' dir='ltr'>inter</span> <span class='ocrx_word' id='word_1_73' title='bbox 275 1645 362 1708; x_wconf 90' lang='lat' dir='ltr'>huno</span> <span class='ocrx_word' id='word_1_74' title='bbox 381 1647 483 1732; x_wconf 83' lang='lat' dir='ltr'>ipsum</span> <span class='ocrx_word' id='word_1_75' title='bbox 506 1657 537 1710; x_wconf 89' lang='lat' dir='ltr'>et</span> <span class='ocrx_word' id='word_1_76' title='bbox 559 1642 734 1709; x_wconf 80' lang='lat' dir='ltr'>Milesium</span> <span class='ocrx_word' id='word_1_77' title='bbox 759 1667 856 1732; x_wconf 90' lang='lat' dir='ltr'>quum</span> <span class='ocrx_word' id='word_1_78' title='bbox 878 1665 1048 1732; x_wconf 81' lang='lat' dir='ltr'>nusquam,</span> <span class='ocrx_word' id='word_1_79' title='bbox 1075 1647 1156 1712; x_wconf 92' lang='lat' dir='ltr'>inter</span> 
     </span>
     <span class='ocr_line' id='line_1_13' title="bbox 166 1756 1157 1847; baseline -0.002 -21"><span class='ocrx_word' id='word_1_80' title='bbox 166 1759 350 1846; x_wconf 74' lang='lat' dir='ltr'>Myeda&#39;um</span> <span class='ocrx_word' id='word_1_81' title='bbox 384 1775 415 1824; x_wconf 90' lang='lat' dir='ltr'>et</span> <span class='ocrx_word' id='word_1_82' title='bbox 447 1758 700 1844; x_wconf 77' lang='lat' dir='ltr'>Polyhr&#39;storem</span> <span class='ocrx_word' id='word_1_83' title='bbox 722 1780 821 1846; x_wconf 91' lang='lat' dir='ltr'>quum</span> <span class='ocrx_word' id='word_1_84' title='bbox 857 1756 1157 1847; x_wconf 79' lang='lat' dir='ltr'>ubiris³distiuqni</span> 
     </span>
     <span class='ocr_line' id='line_1_14' title="bbox 168 1871 1159 1960; baseline 0.003 -25"><span class='ocrx_word' id='word_1_85' title='bbox 168 1875 333 1951; x_wconf 86' lang='lat' dir='ltr'>riderem,</span> <span class='ocrx_word' id='word_1_86' title='bbox 367 1871 449 1938; x_wconf 84' lang='lat' dir='ltr'>heud</span> <span class='ocrx_word' id='word_1_87' title='bbox 471 1873 616 1938; x_wconf 90' lang='lat' dir='ltr'>inutilem</span> <span class='ocrx_word' id='word_1_88' title='bbox 645 1895 710 1936; x_wconf 85' lang='lat' dir='ltr'>rem</span> <span class='ocrx_word' id='word_1_89' title='bbox 738 1895 788 1936; x_wconf 89' lang='lat' dir='ltr'>me</span> <span class='ocrx_word' id='word_1_90' title='bbox 816 1883 960 1936; x_wconf 85' lang='lat' dir='ltr'>acturum</span> <span class='ocrx_word' id='word_1_91' title='bbox 985 1875 1110 1960; x_wconf 85' lang='lat' dir='ltr'>putavi,</span> <span class='ocrx_word' id='word_1_92' title='bbox 1134 1875 1159 1938; x_wconf 93' lang='lat' dir='ltr'>si</span> 
     </span>
     <span class='ocr_line' id='line_1_15' title="bbox 176 1986 1156 2075; baseline 0.003 -23"><span class='ocrx_word' id='word_1_93' title='bbox 176 1989 363 2052; x_wconf 71' lang='lat' dir='ltr'>accuratiori</span> <span class='ocrx_word' id='word_1_94' title='bbox 397 1989 530 2052; x_wconf 80' lang='lat' dir='ltr'>examini</span> <span class='ocrx_word' id='word_1_95' title='bbox 562 1986 643 2051; x_wconf 87' lang='lat' dir='ltr'>hano</span> <span class='ocrx_word' id='word_1_96' title='bbox 679 1987 894 2075; x_wconf 89' lang='lat' dir='ltr'>quaestionem</span> <span class='ocrx_word' id='word_1_97' title='bbox 928 1986 1156 2056; x_wconf 82' lang='lat' dir='ltr'>submitterem.</span> 
     </span>
     <span class='ocr_line' id='line_1_16' title="bbox 174 2101 1158 2192; baseline 0.001 -24"><span class='ocrx_word' id='word_1_98' title='bbox 174 2103 263 2188; x_wconf 83' lang='lat' dir='ltr'>Quod</span> <span class='ocrx_word' id='word_1_99' title='bbox 285 2106 502 2191; x_wconf 82' lang='lat' dir='ltr'>propositum,</span> <span class='ocrx_word' id='word_1_100' title='bbox 528 2103 623 2168; x_wconf 89' lang='lat' dir='ltr'>etiam</span> <span class='ocrx_word' id='word_1_101' title='bbox 644 2115 714 2192; x_wconf 88' lang='lat' dir='ltr'>post</span> <span class='ocrx_word' id='word_1_102' title='bbox 731 2101 845 2166; x_wconf 87' lang='lat' dir='ltr'>lentam</span> <span class='ocrx_word' id='word_1_103' title='bbox 862 2103 1158 2169; x_wconf 88' lang='lat' dir='ltr'>commentationem</span> 
     </span>
     <span class='ocr_line' id='line_1_17' title="bbox 167 2216 1156 2306; baseline -0.001 -23"><span class='ocrx_word' id='word_1_104' title='bbox 167 2216 331 2295; x_wconf 78' lang='lat' dir='ltr'>flanohii,</span> <span class='ocrx_word' id='word_1_105' title='bbox 356 2218 411 2306; x_wconf 90' lang='lat' dir='ltr'>qni</span> <span class='ocrx_word' id='word_1_106' title='bbox 431 2217 641 2282; x_wconf 83' lang='lat' dir='ltr'>communiter</span> <span class='ocrx_word' id='word_1_107' title='bbox 662 2237 733 2281; x_wconf 90' lang='lat' dir='ltr'>cum</span> <span class='ocrx_word' id='word_1_108' title='bbox 756 2216 901 2282; x_wconf 89' lang='lat' dir='ltr'>omnibns</span> <span class='ocrx_word' id='word_1_109' title='bbox 921 2218 1051 2295; x_wconf 86' lang='lat' dir='ltr'>errarit,</span> <span class='ocrx_word' id='word_1_110' title='bbox 1074 2216 1156 2284; x_wconf 87' lang='lat' dir='ltr'>haud</span> 
     </span>
     <span class='ocr_line' id='line_1_18' title="bbox 164 2329 1157 2420; baseline 0.002 -24"><span class='ocrx_word' id='word_1_111' title='bbox 164 2354 235 2396; x_wconf 83' lang='lat' dir='ltr'>nna</span> <span class='ocrx_word' id='word_1_112' title='bbox 274 2330 316 2394; x_wconf 92' lang='lat' dir='ltr'>de</span> <span class='ocrx_word' id='word_1_113' title='bbox 347 2353 436 2396; x_wconf 82' lang='lat' dir='ltr'>eausa</span> <span class='ocrx_word' id='word_1_114' title='bbox 464 2329 519 2393; x_wconf 89' lang='lat' dir='ltr'>diu</span> <span class='ocrx_word' id='word_1_115' title='bbox 550 2329 704 2406; x_wconf 87' lang='lat' dir='ltr'>dilatum,</span> <span class='ocrx_word' id='word_1_116' title='bbox 735 2331 802 2417; x_wconf 89' lang='lat' dir='ltr'>jam</span> <span class='ocrx_word' id='word_1_117' title='bbox 831 2332 957 2420; x_wconf 81' lang='lat' dir='ltr'>exsequi</span> <span class='ocrx_word' id='word_1_118' title='bbox 978 2333 1089 2416; x_wconf 88' lang='lat' dir='ltr'>jurat,</span> <span class='ocrx_word' id='word_1_119' title='bbox 1115 2333 1157 2398; x_wconf 88' lang='lat' dir='ltr'>ita</span> 
     </span>
     <span class='ocr_line' id='line_1_19' title="bbox 162 2444 1156 2536; baseline 0.001 -26"><span class='ocrx_word' id='word_1_120' title='bbox 162 2444 323 2536; x_wconf 88' lang='lat' dir='ltr'>quidem,</span> <span class='ocrx_word' id='word_1_121' title='bbox 350 2459 385 2510; x_wconf 92' lang='lat' dir='ltr'>ut</span> <span class='ocrx_word' id='word_1_122' title='bbox 405 2445 649 2532; x_wconf 77' lang='lat' dir='ltr'>fragmentorum</span> <span class='ocrx_word' id='word_1_123' title='bbox 677 2444 834 2510; x_wconf 88' lang='lat' dir='ltr'>interdum</span> <span class='ocrx_word' id='word_1_124' title='bbox 851 2447 917 2534; x_wconf 83' lang='lat' dir='ltr'>ipsa</span> <span class='ocrx_word' id='word_1_125' title='bbox 933 2446 1026 2512; x_wconf 84' lang='lat' dir='ltr'>rerba</span> <span class='ocrx_word' id='word_1_126' title='bbox 1052 2448 1083 2510; x_wconf 93' lang='lat' dir='ltr'>in</span> <span class='ocrx_word' id='word_1_127' title='bbox 1104 2446 1156 2511; x_wconf 93' lang='lat' dir='ltr'>di-</span> 
     </span>
     <span class='ocr_line' id='line_1_20' title="bbox 158 2557 1156 2650; baseline 0 -26"><span class='ocrx_word' id='word_1_128' title='bbox 158 2559 348 2650; x_wconf 80' lang='lat' dir='ltr'>sputatione</span> <span class='ocrx_word' id='word_1_129' title='bbox 373 2561 527 2636; x_wconf 80' lang='lat' dir='ltr'>intexens,</span> <span class='ocrx_word' id='word_1_130' title='bbox 552 2573 773 2646; x_wconf 73' lang='lat' dir='ltr'>argumentum</span> <span class='ocrx_word' id='word_1_131' title='bbox 797 2573 828 2624; x_wconf 89' lang='lat' dir='ltr'>et</span> <span class='ocrx_word' id='word_1_132' title='bbox 845 2557 950 2625; x_wconf 90' lang='lat' dir='ltr'>sedem</span> <span class='ocrx_word' id='word_1_133' title='bbox 972 2581 1096 2648; x_wconf 88' lang='lat' dir='ltr'>semper</span> <span class='ocrx_word' id='word_1_134' title='bbox 1108 2560 1156 2624; x_wconf 89' lang='lat' dir='ltr'>in-</span> 
     </span>
     <span class='ocr_line' id='line_1_21' title="bbox 159 2671 1158 2774; baseline 0 -34"><span class='ocrx_word' id='word_1_135' title='bbox 159 2677 300 2751; x_wconf 75' lang='lat' dir='ltr'>dicans,</span> <span class='ocrx_word' id='word_1_136' title='bbox 318 2672 491 2738; x_wconf 87' lang='lat' dir='ltr'>studiorum</span> <span class='ocrx_word' id='word_1_137' title='bbox 513 2672 610 2744; x_wconf 78' lang='lat' dir='ltr'>Corn,</span> <span class='ocrx_word' id='word_1_138' title='bbox 628 2671 796 2774; x_wconf 72' lang='lat' dir='ltr'>dquandri</span> <span class='ocrx_word' id='word_1_139' title='bbox 812 2687 843 2740; x_wconf 90' lang='lat' dir='ltr'>et</span> <span class='ocrx_word' id='word_1_140' title='bbox 861 2676 1051 2764; x_wconf 84' lang='lat' dir='ltr'>scriptorum</span> <span class='ocrx_word' id='word_1_141' title='bbox 1072 2674 1158 2740; x_wconf 86' lang='lat' dir='ltr'>reiut</span> 
     </span>
     <span class='ocr_line' id='line_1_22' title="bbox 160 2779 1158 2876; baseline -0.003 -20"><span class='ocrx_word' id='word_1_142' title='bbox 160 2779 375 2876; x_wconf 72' lang='lat' dir='ltr'>conspeetum</span> <span class='ocrx_word' id='word_1_143' title='bbox 403 2787 587 2875; x_wconf 80' lang='lat' dir='ltr'>praebeam,</span> <span class='ocrx_word' id='word_1_144' title='bbox 621 2810 684 2875; x_wconf 90' lang='lat' dir='ltr'>quo</span> <span class='ocrx_word' id='word_1_145' title='bbox 717 2789 784 2853; x_wconf 86' lang='lat' dir='ltr'>eius</span> <span class='ocrx_word' id='word_1_146' title='bbox 821 2788 965 2854; x_wconf 79' lang='lat' dir='ltr'>doctrina</span> <span class='ocrx_word' id='word_1_147' title='bbox 1000 2803 1094 2876; x_wconf 88' lang='lat' dir='ltr'>atque</span> <span class='ocrx_word' id='word_1_148' title='bbox 1125 2789 1158 2854; x_wconf 92' lang='lat' dir='ltr'>in</span> 
     </span>
     <span class='ocr_line' id='line_1_23' title="bbox 161 2901 1158 2989; baseline 0 -20"><span class='ocrx_word' id='word_1_149' title='bbox 161 2907 277 2970; x_wconf 86' lang='lat' dir='ltr'>literas</span> <span class='ocrx_word' id='word_1_150' title='bbox 295 2903 404 2966; x_wconf 80' lang='lat' dir='ltr'>merita</span> <span class='ocrx_word' id='word_1_151' title='bbox 426 2902 540 2966; x_wconf 84' lang='lat' dir='ltr'>olerius</span> <span class='ocrx_word' id='word_1_152' title='bbox 553 2905 735 2989; x_wconf 71' lang='lat' dir='ltr'>appareant,</span> <span class='ocrx_word' id='word_1_153' title='bbox 771 2901 825 2968; x_wconf 90' lang='lat' dir='ltr'>Sio</span> <span class='ocrx_word' id='word_1_154' title='bbox 846 2903 937 2966; x_wconf 90' lang='lat' dir='ltr'>simul</span> <span class='ocrx_word' id='word_1_155' title='bbox 954 2902 1037 2966; x_wconf 88' lang='lat' dir='ltr'>haud</span> <span class='ocrx_word' id='word_1_156' title='bbox 1055 2903 1158 2969; x_wconf 76' lang='lat' dir='ltr'>dee&#39;rit</span> 
     </span>
     <span class='ocr_line' id='line_1_24' title="bbox 162 3011 1158 3106; baseline 0 -23"><span class='ocrx_word' id='word_1_157' title='bbox 162 3017 250 3083; x_wconf 85' lang='lat' dir='ltr'>mihi</span> <span class='ocrx_word' id='word_1_158' title='bbox 270 3017 388 3080; x_wconf 83' lang='lat' dir='ltr'>occasio</span> <span class='ocrx_word' id='word_1_159' title='bbox 407 3014 572 3104; x_wconf 90' lang='lat' dir='ltr'>supplendi</span> <span class='ocrx_word' id='word_1_160' title='bbox 590 3015 740 3080; x_wconf 87' lang='lat' dir='ltr'>nonnulla</span> <span class='ocrx_word' id='word_1_161' title='bbox 760 3030 791 3081; x_wconf 89' lang='lat' dir='ltr'>et</span> <span class='ocrx_word' id='word_1_162' title='bbox 805 3011 1001 3105; x_wconf 80' lang='lat' dir='ltr'>corrigendi,</span> <span class='ocrx_word' id='word_1_163' title='bbox 1025 3040 1105 3106; x_wconf 88' lang='lat' dir='ltr'>quae</span> <span class='ocrx_word' id='word_1_164' title='bbox 1117 3019 1158 3084; x_wconf 88' lang='lat' dir='ltr'>ab</span> 
     </span>
    </p>
   </div>
   <div class='ocr_carea' id='block_1_3' title="bbox 161 3129 1156 3221">
    <p class='ocr_par' dir='ltr' id='par_1_3' title="bbox 161 3129 1156 3221">
     <span class='ocr_line' id='line_1_25' title="bbox 161 3129 1156 3221; baseline 0.003 -25"><span class='ocrx_word' id='word_1_165' title='bbox 161 3131 237 3196; x_wconf 82' lang='lat' dir='ltr'>aliis</span> <span class='ocrx_word' id='word_1_166' title='bbox 263 3129 311 3194; x_wconf 84' lang='lat' dir='ltr'>rel</span> <span class='ocrx_word' id='word_1_167' title='bbox 336 3131 444 3194; x_wconf 85' lang='lat' dir='ltr'>omissa</span> <span class='ocrx_word' id='word_1_168' title='bbox 468 3143 541 3194; x_wconf 84' lang='lat' dir='ltr'>sunt</span> <span class='ocrx_word' id='word_1_169' title='bbox 562 3131 609 3194; x_wconf 89' lang='lat' dir='ltr'>rel</span> <span class='ocrx_word' id='word_1_170' title='bbox 634 3153 695 3194; x_wconf 94' lang='lat' dir='ltr'>non</span> <span class='ocrx_word' id='word_1_171' title='bbox 731 3143 817 3196; x_wconf 87' lang='lat' dir='ltr'>reete</span> <span class='ocrx_word' id='word_1_172' title='bbox 840 3130 984 3196; x_wconf 88' lang='lat' dir='ltr'>ridentur</span> <span class='ocrx_word' id='word_1_173' title='bbox 1008 3135 1156 3221; x_wconf 84' lang='lat' dir='ltr'>exposita.</span> 
     </span>
    </p>
   </div>
   <div class='ocr_carea' id='block_1_4' title="bbox 173 3315 325 3324">
    <p class='ocr_par' dir='ltr' id='par_1_4' title="bbox 173 3315 325 3324">
     <span class='ocr_line' id='line_1_26' title="bbox 173 3315 325 3324; baseline -0.02 -1"><span class='ocrx_word' id='word_1_174' title='bbox 173 3315 299 3324; x_wconf 64' lang='lat'>--—--</span> <span class='ocrx_word' id='word_1_175' title='bbox 317 3315 325 3320; x_wconf 83' lang='grc'>.</span> 
     </span>
    </p>
   </div>
   <div class='ocr_carea' id='block_1_5' title="bbox 162 3425 1165 4078">
    <p class='ocr_par' dir='ltr' id='par_1_5' title="bbox 162 3425 1157 3584">
     <span class='ocr_line' id='line_1_27' title="bbox 206 3425 1157 3495; baseline 0 -19"><span class='ocrx_word' id='word_1_176' title='bbox 206 3431 230 3495; x_wconf 85' lang='lat'>¹)</span> <span class='ocrx_word' id='word_1_177' title='bbox 248 3429 282 3476; x_wconf 72' lang='lat' dir='ltr'>ne</span> <span class='ocrx_word' id='word_1_178' title='bbox 299 3427 410 3476; x_wconf 69' lang='lat' dir='ltr'>Cotiaensi</span> <span class='ocrx_word' id='word_1_179' title='bbox 426 3428 514 3490; x_wconf 77' lang='lat' dir='ltr'>scripsit</span> <span class='ocrx_word' id='word_1_180' title='bbox 525 3428 695 3491; x_wconf 68' lang='lat' dir='ltr'>diligentissime</span> <span class='ocrx_word' id='word_1_181' title='bbox 706 3427 813 3476; x_wconf 70' lang='lat' dir='ltr'>ieiunius</span> <span class='ocrx_word' id='word_1_182' title='bbox 823 3429 934 3486; x_wconf 71' lang='lat' dir='ltr'>Quaeret.</span> <span class='ocrx_word' id='word_1_183' title='bbox 950 3431 1013 3492; x_wconf 78' lang='lat' dir='ltr'>Epp.</span> <span class='ocrx_word' id='word_1_184' title='bbox 1026 3446 1047 3490; x_wconf 81' lang='lat' dir='ltr'>p.</span> <span class='ocrx_word' id='word_1_185' title='bbox 1057 3425 1157 3482; x_wconf 78' lang='lat'><strong>8-16.</strong></span> 
     </span>
     <span class='ocr_line' id='line_1_28' title="bbox 162 3519 635 3584; baseline 0 -16"><span class='ocrx_word' id='word_1_186' title='bbox 162 3525 206 3574; x_wconf 81' lang='lat' dir='ltr'>ct.</span> <span class='ocrx_word' id='word_1_187' title='bbox 221 3523 285 3570; x_wconf 83' lang='lat' dir='ltr'>idern</span> <span class='ocrx_word' id='word_1_188' title='bbox 304 3523 388 3571; x_wconf 76' lang='lat' dir='ltr'>Aerati.</span> <span class='ocrx_word' id='word_1_189' title='bbox 406 3523 513 3572; x_wconf 70' lang='lat' dir='ltr'>Gramm.</span> <span class='ocrx_word' id='word_1_190' title='bbox 531 3539 557 3584; x_wconf 85' lang='lat' dir='ltr'>p.</span> <span class='ocrx_word' id='word_1_191' title='bbox 572 3519 635 3570; x_wconf 77' lang='lat'>429.</span> 
     </span>
    </p>

    <p class='ocr_par' dir='ltr' id='par_1_6' title="bbox 164 3611 1160 3775">
     <span class='ocr_line' id='line_1_29' title="bbox 202 3611 1160 3680; baseline 0 -16"><span class='ocrx_word' id='word_1_192' title='bbox 202 3617 229 3680; x_wconf 83' lang='lat'>2)</span> <span class='ocrx_word' id='word_1_193' title='bbox 257 3615 356 3664; x_wconf 82' lang='lat' dir='ltr'>Credidit</span> <span class='ocrx_word' id='word_1_194' title='bbox 380 3617 490 3680; x_wconf 71' lang='lat' dir='ltr'>Wegener</span> <span class='ocrx_word' id='word_1_195' title='bbox 508 3616 538 3664; x_wconf 85' lang='lat' dir='ltr'>de</span> <span class='ocrx_word' id='word_1_196' title='bbox 561 3617 622 3664; x_wconf 80' lang='lat' dir='ltr'>aula</span> <span class='ocrx_word' id='word_1_197' title='bbox 637 3615 751 3666; x_wconf 78' lang='lat' dir='ltr'>Attalico</span> <span class='ocrx_word' id='word_1_198' title='bbox 781 3633 803 3676; x_wconf 87' lang='lat' dir='ltr'>p.</span> <span class='ocrx_word' id='word_1_199' title='bbox 829 3611 882 3663; x_wconf 81' lang='lat'>200</span> <span class='ocrx_word' id='word_1_200' title='bbox 898 3631 947 3676; x_wconf 75' lang='lat' dir='ltr'>sq,</span> <span class='ocrx_word' id='word_1_201' title='bbox 967 3616 1020 3677; x_wconf 84' lang='lat' dir='ltr'>jure</span> <span class='ocrx_word' id='word_1_202' title='bbox 1036 3623 1160 3664; x_wconf 73' lang='lat' dir='ltr'>notetus·</span> 
     </span>
     <span class='ocr_line' id='line_1_30' title="bbox 164 3705 989 3775; baseline -0.006 -14"><span class='ocrx_word' id='word_1_203' title='bbox 164 3711 273 3761; x_wconf 76' lang='lat' dir='ltr'>Banehio</span> <span class='ocrx_word' id='word_1_204' title='bbox 294 3711 422 3758; x_wconf 79' lang='lat' dir='ltr'>Commorat.</span> <span class='ocrx_word' id='word_1_205' title='bbox 441 3711 470 3758; x_wconf 87' lang='lat' dir='ltr'>de</span> <span class='ocrx_word' id='word_1_206' title='bbox 486 3711 559 3759; x_wconf 71' lang='lat' dir='ltr'>Alex.</span> <span class='ocrx_word' id='word_1_207' title='bbox 576 3711 663 3775; x_wconf 71' lang='lat' dir='ltr'>Polyi,</span> <span class='ocrx_word' id='word_1_208' title='bbox 680 3712 727 3760; x_wconf 77' lang='lat' dir='ltr'>uit.</span> <span class='ocrx_word' id='word_1_209' title='bbox 739 3717 788 3772; x_wconf 82' lang='lat' dir='ltr'>atq.</span> <span class='ocrx_word' id='word_1_210' title='bbox 803 3712 905 3774; x_wconf 66' lang='lat' dir='ltr'>eripit.</span> <span class='ocrx_word' id='word_1_211' title='bbox 921 3725 948 3770; x_wconf 88' lang='lat' dir='ltr'>p.</span> <span class='ocrx_word' id='word_1_212' title='bbox 964 3705 989 3756; x_wconf 91' lang='grc'>6.</span> 
     </span>
    </p>

    <p class='ocr_par' dir='ltr' id='par_1_7' title="bbox 163 3801 1165 4078">
     <span class='ocr_line' id='line_1_31' title="bbox 200 3801 1162 3868; baseline -0.005 -16"><span class='ocrx_word' id='word_1_213' title='bbox 200 3805 228 3868; x_wconf 76' lang='lat'>³)</span> <span class='ocrx_word' id='word_1_214' title='bbox 247 3803 382 3865; x_wconf 73' lang='lat' dir='ltr'>Suspicatus</span> <span class='ocrx_word' id='word_1_215' title='bbox 399 3803 490 3866; x_wconf 83' lang='lat' dir='ltr'>quidem</span> <span class='ocrx_word' id='word_1_216' title='bbox 508 3812 542 3851; x_wconf 84' lang='lat' dir='ltr'>eet</span> <span class='ocrx_word' id='word_1_217' title='bbox 560 3803 712 3868; x_wconf 72' lang='lat' dir='ltr'>Weqanarns,</span> <span class='ocrx_word' id='word_1_218' title='bbox 736 3802 832 3851; x_wconf 87' lang='lat' dir='ltr'>eundem</span> <span class='ocrx_word' id='word_1_219' title='bbox 850 3802 920 3850; x_wconf 81' lang='lat' dir='ltr'>fuisse</span> <span class='ocrx_word' id='word_1_220' title='bbox 937 3801 1054 3866; x_wconf 71' lang='lat' dir='ltr'>Myndiam</span> <span class='ocrx_word' id='word_1_221' title='bbox 1072 3817 1099 3849; x_wconf 84' lang='lat' dir='ltr'>su</span> <span class='ocrx_word' id='word_1_222' title='bbox 1117 3801 1162 3848; x_wconf 81' lang='lat'><em>1²0-</em></span> 
     </span>
     <span class='ocr_line' id='line_1_32' title="bbox 166 3895 1165 3964; baseline -0.006 -16"><span class='ocrx_word' id='word_1_223' title='bbox 166 3900 326 3964; x_wconf 67' lang='lat' dir='ltr'>tyanensem,</span> <span class='ocrx_word' id='word_1_224' title='bbox 345 3895 384 3944; x_wconf 83' lang='lat' dir='ltr'>sed</span> <span class='ocrx_word' id='word_1_225' title='bbox 402 3897 461 3944; x_wconf 81' lang='lat' dir='ltr'>idem</span> <span class='ocrx_word' id='word_1_226' title='bbox 479 3895 597 3958; x_wconf 80' lang='lat' dir='ltr'>Ephesium</span> <span class='ocrx_word' id='word_1_227' title='bbox 615 3914 708 3961; x_wconf 82' lang='lat' dir='ltr'>qnoque</span> <span class='ocrx_word' id='word_1_228' title='bbox 718 3913 764 3946; x_wconf 89' lang='lat' dir='ltr'>non</span> <span class='ocrx_word' id='word_1_229' title='bbox 776 3897 889 3946; x_wconf 83' lang='lat' dir='ltr'>dirersnrn</span> <span class='ocrx_word' id='word_1_230' title='bbox 906 3897 1011 3959; x_wconf 80' lang='lat' dir='ltr'>putarit,</span> <span class='ocrx_word' id='word_1_231' title='bbox 1026 3896 1165 3957; x_wconf 79' lang='lat' dir='ltr'>omninoque</span> 
     </span>
     <span class='ocr_line' id='line_1_33' title="bbox 163 3989 1163 4078; baseline -0.005 -36"><span class='ocrx_word' id='word_1_232' title='bbox 163 3993 309 4042; x_wconf 74' lang='lat' dir='ltr'>autentim</span> <span class='ocrx_word' id='word_1_233' title='bbox 327 4007 391 4038; x_wconf 82' lang='lat' dir='ltr'>susan</span> <span class='ocrx_word' id='word_1_234' title='bbox 408 4001 453 4039; x_wconf 81' lang='lat' dir='ltr'>tarn</span> <span class='ocrx_word' id='word_1_235' title='bbox 472 3991 561 4041; x_wconf 78' lang='lat' dir='ltr'>levibus</span> <span class='ocrx_word' id='word_1_236' title='bbox 578 3992 715 4057; x_wconf 74' lang='lat' dir='ltr'>argumentis</span> <span class='ocrx_word' id='word_1_237' title='bbox 730 3991 894 4078; x_wconf 40' lang='lat' dir='ltr'>supervexit,</span> <span class='ocrx_word' id='word_1_238' title='bbox 911 4000 937 4038; x_wconf 88' lang='lat' dir='ltr'>nt</span> <span class='ocrx_word' id='word_1_239' title='bbox 954 3991 992 4038; x_wconf 83' lang='lat' dir='ltr'>rix</span> <span class='ocrx_word' id='word_1_240' title='bbox 1006 3989 1077 4038; x_wconf 85' lang='lat' dir='ltr'>rideri</span> <span class='ocrx_word' id='word_1_241' title='bbox 1094 3989 1163 4049; x_wconf 84' lang='lat' dir='ltr'>possit</span> 
     </span>
    </p>
   </div>
   <div class='ocr_carea' id='block_1_6' title="bbox 161 4085 419 4147">
    <p class='ocr_par' dir='ltr' id='par_1_8' title="bbox 161 4085 419 4147">
     <span class='ocr_line' id='line_1_34' title="bbox 161 4085 419 4147; baseline -0.012 -13"><span class='ocrx_word' id='word_1_242' title='bbox 161 4103 247 4138; x_wconf 78' lang='lat' dir='ltr'>serant</span> <span class='ocrx_word' id='word_1_243' title='bbox 267 4085 419 4147; x_wconf 75' lang='lat' dir='ltr'>perspexisse.</span> 
     </span>
    </p>
   </div>
   <div class='ocr_carea' id='block_1_7' title="bbox 0 0 1402 4902">
    <p class='ocr_par' dir='ltr' id='par_1_9' title="bbox 0 0 1402 4902">
     <span class='ocr_line' id='line_1_35' title="bbox 0 0 1402 4902; baseline 0 0"><span class='ocrx_word' id='word_1_244' title='bbox 0 0 1402 4902; x_wconf 95' lang='lat' dir='ltr'> </span> 
     </span>
    </p>
   </div>
  </div>
 </body>
</html>
