2940 4920
668 373 711 436 83

196 577 267 618 rum
289 578 375 644 quae
404 575 501 644 supra
527 556 665 639 dixerat,
695 559 823 626 eosdem
848 583 957 628 muros
980 584 1174 648 memorent,

194 683 369 760 utrumque
379 667 422 734 ab
433 669 515 736 urbe
525 672 567 736 ad
577 673 745 740 Piraeeum
755 677 944 764 pertinuisse
953 681 1072 761 statuit,
1085 679 1172 746 Pha-

192 777 324 848 lericum
344 805 422 848 vem
437 801 593 876 tanquan
614 789 746 854 tertium
767 813 900 856 murum
921 789 963 858 ab
985 790 1047 858 illis
1065 793 1173 860 diver·

191 917 261 960 sum
294 893 404 966 hebet.
441 895 589 982 Accedit,
610 901 716 991 quod,
742 925 847 992 quum
866 904 932 968 duo
958 921 1061 972 essent
1084 904 1173 1000 longi

191 1010 292 1088 muri,
316 1009 546 1077 inconsiderate
568 1012 605 1082 cd
625 1013 742 1102 μακρὰν
761 1023 863 1102 τεῖχος
883 1018 1004 1106 posuit,
1023 1042 1092 1086 non
1115 1020 1172 1086 ed·

190 1117 284 1200 dens,
310 1137 423 1188 utrum
438 1122 475 1191 cd
491 1117 667 1216 fldpeooven
687 1127 725 1196 cd
741 1128 839 1198 νότιον
858 1129 1105 1224 intelligendum
1122 1156 1173 1200 es·

191 1249 243 1298 set.
266 1233 332 1300 Sed
346 1237 445 1302 nurus
458 1233 556 1326 hujus
571 1235 780 1331 negligentiae
797 1265 926 1310 causam
936 1243 1170 1334 patefaciamus}

191 1346 284 1417 initio
298 1349 623 1422 sssocu'fuenmt
656 1352 722 1420 duo
747 1356 850 1435 muri,
866 1354 915 1424 -rd
940 1351 1044 1447 μαρᾶ
1069 1359 1171 1448 τάχη,

191 1466 719 1554 utrmque=ponun,·11imesum
733 1485 765 1534 et
782 1467 967 1552 Phaleron,
988 1494 1064 1538 cum
1089 1471 1170 1538 urhe

190 1580 428 1668 conjungentes.
450 1578 552 1670 Longi
566 1579 643 1646 dicti
656 1596 742 1664 sunt,
757 1583 879 1672 quippe
890 1580 959 1665 soli,
969 1607 1074 1674 quum
1084 1608 1170 1650 non-

190 1689 269 1756 dum
285 1707 366 1756 esset
384 1694 494 1758 tertius
510 1717 622 1760 murus
637 1691 791 1760 alterutro
809 1693 945 1788 longior.
974 1698 1102 1764 Tettius
1116 1723 1170 1764 ec·-

190 1806 293 1886 cessit,
320 1821 449 1872 auctore
468 1805 606 1888 Pericle,
630 1805 755 1874 facilem
774 1825 806 1874 et
828 1826 936 1876 tutum
957 1827 1171 1878 commeatum

191 1939 227 1982 ex
249 1917 380 1986 Piraeeo
397 1918 650 1988 Atheniensibus
664 1921 878 2010 praebiturus.
908 1923 982 1990 Jam
1001 1923 1170 2016 Thucydi-

191 2029 243 2096 des
261 2043 322 2098 nos
341 2032 601 2114 dcccmo-tium
620 2034 711 2100 hunc
730 2059 863 2102 mutum
879 2059 1027 2127 aequasse
1042 2035 1170 2108 alterius

190 2146 273 2210 muri
289 2145 403 2213 Piraici
411 2195 421 2226 ,
438 2148 541 2234 primo
552 2146 636 2215 libro
646 2173 665 2212 o
676 2173 708 2216 se
723 2151 905 2230 memorati,
918 2148 1168 2243 longitudinem

190 2257 238 2322 his
256 2281 330 2327 vero
344 2257 430 2326 binis
444 2259 589 2342 Piraicis,
602 2263 815 2354 quadraginta
831 2263 930 2329 stedia
947 2261 1066 2356 longis,
1083 2263 1169 2334 Pha-

189 2365 303 2439 lericus
323 2369 453 2438 brevior
474 2390 541 2440 erat
562 2375 709 2466 quinque
733 2375 849 2445 stadiis.
882 2377 996 2468 Itaque
1019 2401 1086 2448 non
1106 2381 1169 2444 mi..

189 2485 328 2553 randum
342 2485 384 2566 si,
398 2502 469 2574 post
478 2487 572 2568 novi,
586 2488 781 2570 intermedii,
790 2491 877 2556 muri
889 2491 1168 2570 constructionem,

188 2613 221 2662 et
240 2615 371 2687 propter
387 2595 596 2691 longitudinis
616 2601 840 2692 aequalitatem
861 2619 892 2670 et
910 2619 1040 2694 propter
1053 2605 1168 2672 vicini-

189 2726 286 2776 tatem
305 2711 381 2778 inde
399 2711 441 2778 ab
461 2736 499 2780 eo
517 2729 659 2804 tempore
673 2716 792 2782 Piroict'
808 2725 892 2782 muro*
910 2716 951 2784 cd
968 2716 1071 2806 μακραὶ
1084 2717 1169 2805 τείχη

188 2844 213 2888 s.
235 2823 327 2913 σκέλη
349 2825 410 2893 dici
431 2829 607 2916 coeperint,
631 2829 724 2894 misse
750 2829 784 2894 in
806 2847 969 2920 posterum
990 2829 1169 2919 antiquiore

189 2951 307 3004 veteres
326 2963 436 3006 muros
453 2941 495 3004 ita
505 2937 689 3030 appellandi
700 2942 941 3008 consuetudine.
960 2939 1169 3034 Quidiquod

188 3069 311 3116 ntem
336 3053 461 3134 docuit,
482 3077 521 3120 ex
540 3052 723 3142 imperfecto
740 3049 820 3142 ἦσαν
841 3054 960 3144 (ῚἸιιω.
983 3053 1027 3120 II.
1052 3057 1110 3135 13,
1133 3055 1167 3142 7)

189 3181 312 3252 patere,
327 3165 515 3232 historicum
536 3165 702 3244 destructis
722 3167 855 3232 demum
876 3192 894 3233 n
911 3167 1168 3238 Lacedaemoniis

186 3279 289 3343 muris
305 3275 408 3371 longis
430 3277 508 3346 haec
522 3279 691 3370 scripsisse.
716 3279 878 3349 Dicendus
895 3281 992 3372 igitur
1005 3279 1168 3350 nohiserit

187 3390 393 3482 Thucydides
414 3395 448 3460 in
469 3392 638 3463 scribendo
657 3415 776 3458 morem
796 3402 848 3458 sui
873 3403 1022 3482 temporis
1041 3409 1167 3460 secutus

185 3526 253 3570 csse
267 3521 298 3570 et
312 3528 371 3594 pro
389 3523 511 3572 mutato
534 3529 623 3574 more
644 3509 679 3572 in
702 3525 812 3574 rerum
837 3509 1000 3576 notatione
1022 3507 1166 3574 variasse.

187 3619 284 3702 Quod
301 3618 431 3700 si‘fecit,
448 3617 585 3714 citeron}
601 3621 805 3712 attingemus,
823 3617 1035 3709 quamobrem
1051 3618 1168 3707 meede

185 3741 284 3819 τεῖχος
306 3735 456 3823 mouerit,
473 3758 578 3826 quum
596 3733 662 3802 duo
679 3735 766 3800 muri
782 3748 893 3800 essent
930 3731 1014 3799 Mihi
1034 3729 1167 3822 quidem

186 3845 327 3915 dubium
336 3863 475 3930 nonest,
494 3849 576 3938 quin
591 3848 657 3914 ta'm
672 3871 789 3938 perum
805 3849 950 3912 accurate
966 3867 1033 3912 non
1050 3861 1166 3935 potue-

186 3961 228 4026 rit
242 3959 384 4027 scrihere
404 3961 620 4053 Thucydides.
649 3961 717 4030 Aut
738 3957 845 4040 fallor,
861 3975 919 4028 eut
938 3959 1054 4026 excidit
1070 3977 1166 4038 vocas⁴

186 4071 306 4144 bulum
325 4075 434 4166 ἑτέρου,
467 4077 580 4170 ltaque
607 4075 845 4170 corrigendum:
874 4075 910 4145 ed
930 4073 1044 4160 μιταξιῖ
1060 4078 1117 4141 τοῦ
1134 4099 1166 4142 τε

991 4186 1034 4252 6*
