2942 4902
482 1117 831 1246 MISOELLANEA
865 1119 1071 1200 CRITIOA.

713 1385 845 1405 ¹-vi—

680 1612 831 1684 CAPUT
861 1615 887 1680 1.

512 1811 543 1856 ΙΝ
563 1810 709 1858 CORNELII
729 1811 832 1858 rtem
854 1810 1044 1858 tenlcomtt.

292 1979 414 2100 Quum
440 2026 546 2092 nuper
561 2004 602 2070 ad
623 2027 675 2070 me
689 2006 906 2094 pervenissent
927 2005 1068 2096 egregiae
1083 2004 1185 2068 Taciti
1200 2005 1271 2071 edi-
1407 2023 1416 2040 ⁸

292 2119 390 2183 tiones
413 2118 595 2184 Turicensis
617 2135 648 2184 ct
672 2116 961 2210 Cantabrigiensis,
986 2141 1126 2208 quarm
1146 2115 1201 2184 illa
1221 2117 1270 2184 Io.

291 2229 385 2320 Casp.
401 2227 538 2312 Orellio,
552 2229 630 2297 haec
647 2231 763 2298 Frena.
780 2232 901 2298 Rittero
922 2231 1068 2314 debetur,
1083 2229 1166 2296 nihil
1180 2232 1271 2320 prius

291 2343 371 2410 mihi
395 2341 578 2410 iaciendum
599 2347 726 2436 putavi,
756 2369 855 2436 quam
879 2363 917 2410 ut
941 2361 1113 2435 utramque
1140 2368 1271 2434 compa-

292 2479 395 2520 rarem
414 2479 490 2520 cum
509 2456 564 2537 iis,
587 2481 670 2548 quae
691 2481 750 2550 ego
773 2455 852 2524 olim
874 2458 915 2524 de
936 2456 1014 2525 locie
1036 2455 1204 2550 Agricolae
1219 2455 1271 2523 vel

293 2569 401 2640 dubiis
422 2571 474 2640 vel
495 2574 652 2661 corruptis
667 2569 900 2662 disciprrlomm
920 2597 1015 2638 causa
1034 2572 1270 2638 adnotaveram.

214 2677 218 2688 ’
291 2685 369 2752 Vidi
384 2701 492 2753 autem
517 2681 615 2752 verba
635 2686 794 2777 scriptoris
816 2684 868 2752 vel
891 2709 909 2750 e
934 2684 1024 2752 libris
1044 2685 1273 2775 Manuscriptis

291 2797 343 2866 vel
363 2823 401 2866 ex
428 2801 556 2893 ingenio
576 2799 694 2888 passim
712 2797 878 2866 emendata
892 2814 997 2889 atque
1014 2797 1147 2881 melius,
1172 2821 1271 2889 quam

290 2929 383 2978 antea
401 2911 522 2978 factum
545 2927 630 2994 erat,
655 2908 819 3001 explicata.
864 2909 950 2978 Sunt
974 2927 1100 2994 mmen,
1130 2913 1164 2976 in
1198 2913 1273 3002 qui-

291 3024 354 3090 hns
368 3026 554 3090 etiamnunc
574 3024 723 3092 haeream
744 3048 866 3115 quaeve
887 3023 979 3090 aliter
997 3025 1193 3114 expedienda
1208 3047 1273 3091 esse

291 3121 471 3204 videantur.
510 3137 665 3206 Graviora
684 3162 722 3204 ex
749 3139 786 3204 iis
809 3161 899 3204 nunc
921 3137 1072 3204 adferam.

336 3250 415 3342 Cap.
431 3252 451 3316 6
466 3252 596 3317 Tacitus
611 3251 816 3318 domesticam
832 3247 1000 3342 Agricolae
1023 3248 1204 3318 felicitatem
1223 3248 1274 3316 his

291 3364 398 3432 verbis
412 3365 594 3454 descripsit:
619 3363 784 3432 Vixerunt
800 3361 963 3455 (Agricola
988 3385 1065 3430 cum
1086 3387 1186 3430 uxore
1203 3361 1273 3430 Do-

291 3481 381 3546 mitia
405 3475 592 3564 Decidiana)
614 3485 696 3540 mira
715 3475 885 3540 concordia
905 3499 968 3564 per
989 3489 1130 3542 mutuam
1155 3455 1274 3542 carita·

291 3609 353 3659 tem
379 3605 413 3659 et
446 3602 577 3660 invicem
606 3613 641 3654 se
671 3589 904 3678 anteponendo,
927 3598 991 3654 nisi
1018 3590 1104 3680 quod
1124 3599 1160 3656 in
1192 3591 1275 3656 bona

292 3729 392 3772 uxore
414 3717 502 3770 tanto
526 3701 735 3792 majoricus,
757 3717 875 3791 quanto
899 3711 934 3768 in
949 3701 1046 3768 mala
1064 3702 1139 3791 plus
1162 3703 1274 3792 culpae

292 3831 349 3883 est.
377 3816 524 3882 Primum
544 3816 580 3880 in
597 3813 647 3878 his
665 3811 771 3880 verbis
784 3811 926 3880 Orellius
938 3815 1203 3905 praepositionem
1211 3839 1276 3904 per

292 3927 376 3996 male
393 3929 434 3996 ad
456 3945 582 4018 tempus
596 3925 699 4009 refert,
721 3925 775 3992 illa
798 3952 859 4016 per
876 3943 1015 3994 mutuam
1037 3937 1200 3995 raritatem
1218 3949 1274 3993 ex-

294 4041 433 4134 plicans:
456 4044 511 4108 “in
535 4042 688 4108 continua
707 4044 834 4108 caritate
850 4041 994 4108 mutua''.
1030 4044 1133 4108 Immo
1152 4041 1275 4108 indica-
