2914 4902
656 229 719 290 175

162 419 216 484 bis
239 418 337 484 enim
357 423 395 490 ts
418 424 675 505 Πυθαγορικοῖς
686 423 915 506 ὑπομνήμασιν
930 417 1106 488 Alexander
1121 445 1176 490 sua

162 556 198 599 se
225 533 391 623 reperisse
412 543 548 598 testatur
567 530 577 569 ¹
612 571 655 585 -
680 555 752 598 cum
765 533 895 623 reliquis
912 533 988 600 locis
1004 559 1020 600 a
1037 537 1175 626 Diogene

162 649 340 738 excerptis
372 648 570 737 comparanti
594 659 626 713 et
658 649 863 737 coniungenti
886 649 963 715 haec
988 650 1068 716 mihi
1102 665 1174 718 neta

164 777 217 830 est
244 765 291 830 de
317 767 505 852 Διαδοχαῖς
529 761 699 829 Alexandri
722 765 886 832 sententia.
933 764 1020 854 Opus
1037 768 1173 834 initam·

161 878 374 970 piissimum,
398 901 463 968 qno
485 879 680 969 singulorum
703 880 758 968 qui
782 880 928 969 deinceps
952 879 1086 948 llornere
1102 881 1175 973 phi·

162 991 392 1084 losophorum
414 1007 446 1060 et
469 994 547 1060 ritas
569 995 725 1060 enerravit
749 1007 780 1062 et
803 995 971 1084 explicavit
986 996 1113 1085 placita,
1136 1021 1174 1064 eo

166 1109 313 1199 quidem
341 1107 436 1174 modo
460 1121 513 1189 ut,
545 1111 711 1198 praemisse
743 1110 872 1178 fortasse
902 1109 1112 1201 disputatione
1135 1111 1174 1178 de

165 1223 413 1312 antiquissimis
436 1222 627 1291 Graecorum
650 1223 857 1316 philosophis,
873 1224 1090 1316 philosophiae
1110 1228 1173 1292 ori-

169 1341 312 1427 ginem,
339 1349 376 1403 ut
399 1339 442 1403 ite
466 1337 588 1419 dicam,
622 1351 656 1405 ‘et
677 1361 856 1429 progressus
880 1338 1065 1423 illustraret,
1095 1340 1173 1406 alius

170 1451 228 1517 xlii
257 1450 344 1541 quid
379 1449 536 1518 debuisset
566 1453 614 1518 rel
637 1455 792 1520 statuisset
816 1455 1007 1520 contrarium
1031 1454 1174 1521 osteude-

173 1578 236 1644 ret,
265 1563 451 1631 scholarum
475 1589 555 1656 quae
578 1567 727 1656 deinceps
750 1569 937 1634 exstitissent
960 1567 1115 1633 rationem
1139 1569 1170 1632 in

180 1680 298 1766 primis
331 1677 464 1746 haberet
493 1704 665 1772 earumque
700 1682 755 1770 qui
790 1683 949 1772 principes
979 1682 1109 1749 fuissent
1140 1695 1173 1748 et

186 1793 316 1859 dirersis
344 1795 535 1884 temporibus
558 1796 751 1885 antesignani
775 1793 883 1862 ordine
907 1809 1085 1888 exponeret.

231 1910 317 1994 Quae
343 1931 439 1998 quum
463 1909 581 1976 laudati
614 1911 717 2001 operis
745 1909 863 1977 indoles
893 1911 987 1977 luisse
1010 1909 1171 1994 rideatur,

183 2043 284 2110 paene
309 2021 495 2088 incredibile
507 2037 552 2088 est
569 2023 728 2114 quomodo
748 2025 816 2089 fieri
832 2025 983 2112 potuerit,
1004 2036 1039 2090 ut
1051 2023 1171 2089 librum

179 2141 264 2224 Περὶ
289 2147 540 2226 Πυθαγορικῶν
572 2142 743 2230 συμβόλου
767 2163 784 2204 ιι
808 2137 971 2206 Clemente
994 2154 1025 2206 et
1052 2137 1170 2228 Cyrillo

175 2263 408 2330 memoratum,
434 2251 530 2318 hodie
551 2254 695 2344 plerique
723 2277 828 2320 omnes
852 2252 1010 2320 diversum
1034 2252 1170 2321 habeant

172 2389 193 2431 s
217 2369 417 2453 Διαδοχαῖς.
462 2367 497 2434 lu
521 2366 570 2433 his
592 2369 677 2435 enim
696 2368 721 2434 si
739 2368 779 2434 de
796 2366 995 2457 philosophia
1014 2367 1171 2457 Pythago-

171 2503 227 2548 rea
258 2479 434 2547 Alexander
465 2496 528 2548 tam
552 2485 620 2550 fuse
643 2483 830 2573 disputarit,
864 2496 900 2548 ut
930 2482 1092 2548 doctrinae
1122 2481 1170 2548 illi

173 2596 270 2664 omni
295 2594 398 2662 lucem
423 2597 548 2666 efferret
560 2579 785 2688 plenissimam,
800 2596 830 2662 id
846 2598 929 2688 quod
947 2621 983 2664 ex
1004 2598 1077 2662 loco
1094 2597 1170 2664 Ilio·

170 2711 316 2802 geniano
340 2711 569 2780 evidentissime
590 2725 690 2804 patet,
717 2714 748 2779 in
771 2712 869 2779 altero
893 2735 987 2801 opere
1015 2713 1091 2802 quid
1113 2736 1170 2803 po·

168 2825 339 2892 tissimum
368 2829 481 2916 egerit,
510 2851 561 2895 me
591 2829 684 2918 plane
709 2827 880 2917 praeterire
904 2827 1015 2893 fateor.
1065 2827 1166 2913 Quid,

166 2943 265 3037 quod
288 2945 478 3034 Συμβυλωυ
503 2945 711 3034 fragmentum
736 2941 768 3008 id
792 2943 894 3031 ipsum
916 2943 1065 3019 continet,
1082 2942 1168 3032 quod

163 3060 287 3128 debuit
312 3059 344 3124 in
371 3063 553 3148 Διαδοχαῖς
576 3059 720 3125 narrari?
767 3059 1006 3144 Ἀλέξανδρος,
1032 3057 1079 3136 eit
1098 3055 1170 3124 Cle-

159 3201 287 3257 mens,
315 3182 354 3246 ἐν
389 3183 436 3264 τῷ
471 3180 575 3265 Περὶ
612 3181 922 3261 Πυθαγορικῶν
947 3174 1167 3261 συμβόλων

154 3293 373 3378 Ναζαράτῳ
396 3295 444 3378 τῷ
468 3289 635 3379 Ἀσσυρίῳ
645 3296 852 3378 pedestrium
876 3291 997 3376 ἱστορεῖ
1015 3291 1073 3356 τὸυ
1096 3296 1168 3354 Πυ-

152 3417 324 3498 θαγόραν
357 3441 396 3456 -·
434 3406 595 3490 Ἶεζειιιὴλ
626 3413 743 3475 τοῦτου
776 3405 935 3490 ἡγοῦνταί
969 3429 1074 3479 crore,
1107 3402 1166 3468 οὐκ

147 3529 225 3600 ἔστι
252 3529 294 3597 δὲ
326 3557 370 3571 -
400 3523 582 3606 οἷκηιιοέυοιι
606 3547 641 3587 τε
665 3525 744 3606 πρὸς
767 3521 894 3596 τούτοις
918 3516 1087 3583 Γαλατῶν
1110 3521 1166 3582 καὶ

149 3673 328 3690 —-.—=—-·

177 3749 201 3816 ι)
221 3744 303 3799 Addit
324 3738 406 3788 etiam
427 3733 447 3780 l.
466 3731 485 3778 l.
505 3730 709 3795 Diogensasinrilis
727 3731 756 3778 als
774 3731 894 3778 Aristotele
923 3739 1013 3776 nauata
1037 3744 1100 3788 esse,
1128 3728 1167 3790 qui

132 3861 267 3898 mma,
289 3852 351 3886 „on
374 3823 480 3877 omnino
499 3822 563 3871 nihili
581 3825 697 3874 sedendus
715 3833 757 3872 est.
783 3824 886 3873 Ceterum
901 3818 1030 3869 Alexandro
1057 3821 1081 3866 in
1100 3819 1167 3868 Δια-

129 3949 241 4016 δοχαῖς
262 3921 422 3986 manendi·
444 3917 532 3965 fontem
550 3917 617 3968 luisse
634 3918 772 3968 Heraclitum
784 3917 832 3968 τὸν
848 3913 969 3978 φυσικὸν,
981 3921 1057 3960 mouet
1074 3911 1120 3974 ipse
1130 3928 1166 3974 ap.

127 4047 195 4112 mag.
216 4038 275 4090 ιιι.
309 4025 338 4076 1.
363 4015 395 4067 ⁵·
