2856 4894
589 339 649 404 281

164 531 193 592 9.
224 529 324 592 leriae
344 543 464 588 annuae
483 545 499 586 e
517 521 656 586 Calendis
674 519 750 582 Julii
765 518 803 580 ad
818 516 963 579 calendas
977 516 1105 598 Augusti

225 648 325 700 sunto.
346 634 446 696 leriae
465 629 620 694 Brumales
635 629 756 692 Veneris
774 627 823 688 die
844 621 1036 687 antechristi
1050 622 1106 684 lla·

229 743 301 806 tales
327 740 503 812 ordiuntor,
534 735 634 800 medio
659 747 759 798 autem
778 732 925 794 lanuario
947 729 1108 790 finiuntor.

227 849 379 911 Feriarum
397 843 589 908 Paschalium
607 841 730 904 Veneris
750 839 800 900 die
822 849 892 900 ante
911 835 1033 906 festum,
1052 834 1109 894 ini·

228 955 322 1026 tium,
354 951 479 1016 octiduo
500 961 601 1014 autem
621 961 689 1035 post
709 947 826 1019 festum,
848 944 919 1006 finis
940 954 1015 1020 esto;
1039 941 1110 1002 sesto

228 1061 411 1124 Pentecostes
433 1055 472 1119 ed
493 1056 581 1118 idem.

207 1371 334 1432 sentes
362 1367 574 1431 anrtonntt
606 1365 727 1442 treus
756 1359 955 1425 lucrorum
990 1361 1030 1420 ΙΝ

254 1485 445 1552 Gtttttlsm
468 1483 641 1548 ruttltto
662 1477 986 1544 Exrtlctttnottnrt.

445 1661 475 1700 ΙΙ
497 1658 591 1700 cum
611 1655 800 1698 connectente.

506 1797 613 1854 Ordine
630 1798 733 1872 primo.

172 1923 335 1986 Nominum
356 1941 392 1982 ac
412 1920 631 1984 Pronominum
651 1918 870 1982 declinationes
890 1935 948 1978 neo
964 1935 1030 1976 non
1048 1915 1114 1976 Ver·

131 2029 240 2090 borum
261 2026 499 2112 conjugationes
520 2025 674 2098 docentor,
696 2021 843 2086 vocabula
863 2021 1000 2083 faciliora
1015 2040 1118 2080 verna·

132 2133 201 2196 cnle
220 2133 337 2196 reddita
357 2132 519 2196 memoriae
540 2131 732 2194 mandantor.

499 2243 607 2302 Ordine
626 2240 757 2298 secundo.

173 2347 391 2408 Grammatloae
420 2355 450 2406 et
479 2344 648 2429 syntaxeos
671 2341 934 2426 Belgico-Latinae
955 2339 1119 2402 selectiores

133 2453 267 2530 Regulae
287 2475 326 2512 ex
346 2451 441 2512 vossii
463 2449 654 2514 Rudimentr'e
675 2449 842 2522 discuntor,
863 2445 998 2530 analysis
1018 2442 1119 2508 scribi-

134 2565 191 2630 tor,
210 2551 355 2618 Hadriani
376 2554 462 2614 Junil
484 2555 697 2618 nomenclator
718 2564 870 2625 tractator,
892 2574 947 2614 nec
967 2573 1032 2614 non
1051 2551 1119 2612 Cor·

134 2659 210 2720 dcrii
231 2655 386 2742 colloquia
407 2667 612 2738 exponuntor.

516 2765 624 2824 Ordine
646 2769 740 2824 terrio.

174 2869 271 2930 Vossii
298 2865 501 2930 Grammatico
518 2877 564 2938 ¹et
595 2867 740 2951 syntaxis
769 2867 874 2932 sedulo
908 2867 1118 2930 inculcanter:

134 2975 249 3038 Erasmi
269 2973 435 3060 colloquia,
455 2973 533 3058 quin
555 2984 590 3044 et,
602 2973 754 3038 Ciceronis
772 2973 1057 3060 Epistolaeselectoe
1069 2995 1120 3036 ex-

134 3081 308 3166 plicantun·
323 3079 468 3156 Themate
488 3082 630 3165 componi
653 3082 855 3166 incipiunton
876 3080 1029 3164 Principia
1049 3079 1120 3142 Poi-

135 3206 200 3252 seos
231 3188 278 3250 vel
303 3209 342 3251 ex
362 3187 483 3250 Catonis
504 3187 579 3250 Ilirt.
600 3186 647 3252 rel
667 3208 706 3250 ex
726 3187 840 3253 Tibulli
862 3187 938 3250 llor.
960 3185 1118 3264 docentor3

134 3295 258 3358 tandem
285 3294 420 3378 Linguae
451 3293 578 3366 Graecae
607 3295 705 3380 prima
736 3295 907 3360 rudimenta
933 3314 998 3356 non
1024 3291 1122 3354 obiter

136 3413 310 3464 tractentur.

403 3483 409 3500 ⁸
476 3505 504 3545 ns
524 3503 617 3546 cuns
638 3505 777 3546 nerone.

348 3685 350 3692 Α
513 3617 619 3678 Ordine
636 3627 741 3696 primo.

177 3721 335 3783 Cornelius
355 3723 467 3807 Nepos,
489 3723 606 3808 primo,
627 3744 663 3784 ac
682 3723 849 3800 Terentium
875 3723 947 3785 dein
971 3723 1120 3784 Ciceronis

136 3827 285 3928 orationes
306 3824 429 3888 relectae
449 3849 507 3892 neo
529 3851 594 3892 non
615 3827 713 3891 Ovidii
732 3829 853 3904 Tristia,
874 3830 970 3892 Poiiels
989 3827 1120 3912 diligen·

138 3942 181 3992 ter
210 3951 247 3992 ex
267 3930 363 3993 Vossii
385 3932 528 3996 Prosodia
548 3935 673 3999 discitor
694 3956 729 3998 ac
749 3935 884 4010 docetor,
905 3935 1017 3998 Graeca
1035 3933 1119 3996 ‹leni-

135 4057 194 4120 que
215 4035 359 4123 lnalyeis
379 4037 530 4102 formator.

950 4147 990 4212 19
