2942 4902
663 361 704 424 29

197 565 250 608 uas
266 545 507 634 expetiverunt,
525 544 645 636 quihus
665 548 906 615 coniuratorum
924 571 1033 618 manes
1058 549 1167 641 expia·
1244 614 1245 623 ,

196 672 281 722 rent:
305 679 402 724 omne
422 657 548 740 odium,
568 656 730 726 inclusum
748 658 875 728 nefariis
891 659 1035 735 sensibus
1052 662 1169 752 impio-

197 793 284 852 rum,
315 771 350 835 in
376 793 428 838 me
450 769 672 860 profudenmt.
719 773 868 857 Quorum
893 797 951 868 ego
969 773 1080 854 ⁸furori
1106 775 1168 842 nisi

195 883 366 964 cessissem,
390 885 425 950 in
449 882 604 951 Catilinae
623 885 719 952 busto
741 903 895 954 mactatus
913 911 1021 955 essem

233 1105 313 1177 XX.
343 1109 397 1176 66.
428 1109 496 1180 Sed
516 1113 527 1154 ¹
556 1135 680 1180 necesse
699 1130 763 1198 est,
784 1137 837 1182 me
860 1131 964 1182 totum
983 1117 1072 1182 istius
1091 1117 1169 1182 anni

194 1220 413 1312 reipublicae
443 1222 647 1318 naufragium
675 1251 842 1317 exponere.
880 1227 986 1296 Multa
1008 1225 1168 1308 ’aretiam

194 1333 294 1402 multa
314 1336 545 1426 turpia,multa
554 1339 742 1408 turbulenta
754 1343 869 1410 habuit
881 1341 934 1410 iile
945 1365 1065 1410 annus:
1076 1344 1134 1433 qni
1143 1342 1168 1424 ³,

194 1450 227 1514 in
251 1448 463 1538 reipublicae
484 1477 600 1546 magno
617 1471 708 1522 motu
724 1473 756 1522 et
772 1455 949 1524 multorum
971 1458 1100 1536 timore,
1120 1469 1169 1519 at·

194 1561 267 1629 tulit
285 1579 452 1655 tamquam
480 1569 641 1634 intentum
667 1594 779 1635 arcum
800 1571 834 1634 in
863 1594 914 1636 me
940 1593 1064 1651 unum,
1086 1569 1170 1634 sicut

193 1675 290 1770 vulgo
310 1679 414 1770 ignari
438 1702 547 1746 rerum
575 1679 809 1770 loquebantur;
833 1705 867 1746 re
887 1683 1018 1770 quidem
1040 1705 1115 1749 vera
1133 1683 1168 1747 in

193 1791 376 1858 universam
394 1815 461 1858 rem
480 1791 659 1883 publicam,
676 1794 875 1860 traductione
886 1795 926 1858 ad
942 1791 1069 1884 plebem
1088 1791 1169 1858 furi-

193 1903 297 1972 bundi
327 1905 466 1972 hominis
495 1931 531 1972 ac
562 1907 736 1996 deperditi,
761 1907 840 1973 mihi
869 1909 957 1987 irati,
984 1905 1040 1972 sed
1066 1901 1169 1970 multo

193 2021 296 2086 acrius
316 2022 372 2084 otii
392 2037 422 2086 et
443 2024 621 2088 communis
634 2019 743 2088 salutis
756 2023 886 2087 inimici.
920 2021 1017 2086 Hunc
1035 2019 1085 2084 vir
1104 2015 1169 2083 ela·

196 2136 347 2214 risaimus,
364 2134 524 2223 mihique,
543 2133 651 2200 multis
666 2134 936 2229 repugnantibus,
954 2134 1169 2212 amicissimus,

195 2245 255 2314 Cn.
276 2248 469 2337 Pompeius,
493 2251 581 2316 omni
606 2252 767 2332 cautione,
793 2248 934 2330 foedere,
961 2247 1171 2314 exsecratione

196 2361 396 2444 devinxerat,
410 2361 492 2428 nihil
501 2365 536 2428 in
547 2361 716 2429 tribunatu
732 2380 842 2429 contra
858 2387 910 2429 me
924 2385 989 2428 esse
999 2359 1169 2428 facturum.

197 2473 241 2540 At
263 2472 318 2541 ille
343 2474 502 2557 nefarius,
520 2497 559 2540 ex
576 2477 723 2542 omnium
742 2473 897 2542 scelerum
914 2472 1094 2541 colluvione
1110 2497 1171 2539 na-

197 2602 264 2669 tus,
291 2611 406 2677 parum
426 2611 458 2654 se
484 2587 595 2654 foedus
614 2587 811 2670 violaturum¹
828 2587 997 2655 arbitratus
1022 2604 1087 2668 eet,
1109 2587 1171 2652 nisi

196 2701 301 2790 ipsum
324 2716 488 2768 cautorem
508 2700 603 2769 alieni
623 2701 755 2794 periculi
783 2707 848 2770 suis
866 2705 1003 2794 propriis
1023 2699 1171 2792 periculis

197 2815 364 2880 tenuisset.
413 2815 465 2880 67.
498 2816 589 2884 Hanc
614 2833 727 2884 tetram
755 2819 991 2906 immanemque
1018 2810 1170 2896 bellumn,

197 2929 337 2996 vinctam
362 2931 527 3020 auspiciis,
553 2929 823 3024 alligatamlmore
845 2931 1018 3011 maiorum,
1037 2928 1172 2996 constri-

197 3057 280 3108 etam
305 3039 414 3135 legum
442 3059 636 3110 sacratarum
666 3045 803 3125 catenis,
832 3042 926 3110 solvit
952 3043 1076 3125 subito,
1103 3041 1172 3136 lega

198 3155 316 3220 curiata
336 3153 448 3220 consul
467 3153 537 3236 vel,
561 3173 598 3220 ut
620 3179 678 3248 ego
706 3155 852 3238 arbitror,
877 3173 1023 3222 exoratus
1048 3153 1115 3237 vel,
1135 3172 1174 3221 ut

197 3289 264 3332 non
281 3291 376 3334 nemo
394 3267 543 3357 putabat,
561 3268 640 3334 mihi
660 3271 774 3349 iratus,
791 3271 920 3362 ignarus
938 3269 1070 3358 quidem
1089 3285 1173 3336 certe

199 3394 229 3444 et
238 3379 425 3470 imprudens
434 3381 856 3470 impendentiumtantorum
865 3380 1020 3448 scelerum
1029 3380 1172 3447 acmalo-

200 3515 281 3558 rum.
299 3493 364 3577 Qui
374 3492 524 3560 tribunus
539 3493 583 3584 pl.
595 3491 669 3560 felix
679 3496 714 3560 in
726 3495 894 3562 evertenda
905 3518 939 3560 re
956 3492 1086 3584 publiea
1101 3493 1171 3576 fuit,

201 3603 295 3674 nuliis
322 3609 387 3674 suis
404 3610 526 3674 nervis:
550 3611 608 3698 qui
634 3611 721 3675 enim
751 3612 786 3675 in
814 3608 969 3676 eiusmodi
994 3609 1058 3672 vita
1082 3611 1172 3675 nervi

202 3733 372 3805 potuerunt
390 3742 454 3786 esse
475 3719 628 3802 hominis,
649 3719 794 3788 fraternis
810 3721 951 3814 flagitiis,
965 3721 1090 3786 sororiis
1105 3737 1173 3790 stu-

238 3984 260 4053 ¹)
278 4003 322 4050 pro
341 3989 423 4042 Sextia
442 4005 465 4042 c.
486 3995 513 4043 6.
533 3993 547 4058 t
566 3997 608 4044 te.
629 4021 663 4032 -
698 3992 721 4060 ¹)
740 3995 803 4044 lbid.
824 3995 905 4045 c.2·1.
925 3993 938 4058 ᾖ
958 3993 1001 4042 58.
1014 4019 1049 4029 -
1069 3991 1089 4055 ⁸)
1108 3995 1170 4044 ibid.

205 4095 227 4128 c.
251 4087 276 4131 t.
298 4085 372 4150 615.
