2862 4894
741 307 782 367 46

257 513 354 584 quem
382 492 559 556 incuratum
589 489 621 553 in
652 487 813 577 (lepitolio
845 509 978 576 parrum
1004 499 1100 577 atque
1125 485 1245 556 lacten·

256 621 342 686 tem,
379 605 528 670 uberibus
555 603 671 693 lupinis
695 601 870 670 inhiantem
903 603 999 668 fuisse
1027 604 1239 670 meminimus.

255 723 324 807 Quo
346 719 475 810 quidem
495 733 636 810 tempore
659 742 757 809 quum
782 718 966 807 haruspices
978 741 1017 785 ex
1034 731 1099 786 tots
1116 721 1242 786 Etruria

251 837 482 913 convenissent,
504 836 614 901 coedes
638 849 733 924 etque
758 832 928 916 incendia,
954 847 987 900 et
1011 835 1115 924 legum
1132 837 1240 902 interi·

253 963 340 1028 tum,
369 963 401 1016 et
428 949 545 1016 bellum
575 950 667 1016 uirile
690 973 727 1015 sc
750 948 978 1033 domesticum,
1003 963 1035 1015 et
1059 951 1156 1016 totius
1185 951 1241 1016 Ur·

254 1064 302 1130 bis
335 1076 431 1154 atque
457 1065 582 1153 imperii
612 1085 756 1130 occasum
784 1064 1042 1152 appropinquare
1072 1062 1241 1146 dixerunt,

254 1179 317 1244 nisi
335 1176 379 1244 dii
397 1178 589 1244 immortales
617 1179 702 1244 omui
726 1179 848 1244 retione
869 1177 1008 1267 plscsti,
1034 1199 1090 1244 suo
1114 1178 1243 1244 numius

254 1315 354 1382 prope
384 1293 450 1358 lata
476 1293 541 1381 ipsa
566 1293 733 1360 flexissent.
784 1293 859 1361 116.
891 1293 1006 1382 ltaque
1031 1292 1157 1358 illorum
1189 1313 1242 1356 re·

256 1408 375 1497 sponsis
392 1419 468 1473 tuuc
487 1420 520 1474 et
546 1405 613 1472 ludi
637 1404 747 1472 decem
767 1404 909 1494 perdice
935 1407 1010 1472 lecti
1036 1417 1123 1485 suut,
1140 1425 1243 1493 neque

255 1543 304 1587 res
333 1521 395 1586 ullu
409 1572 419 1602 ,
452 1544 532 1612 quse
554 1521 593 1586 ad
617 1518 806 1610 placandum
838 1520 912 1586 deos
934 1521 1127 1610 pertineret,
1151 1541 1242 1608 pree·

257 1635 398 1701 termisse
436 1649 502 1701 est:
537 1634 696 1724 iidemque
723 1636 900 1718 iusserunt,
929 1635 1130 1700 simulacrum
1162 1635 1244 1702 loris

256 1747 359 1814 lacere
380 1751 496 1828 maius,
517 1763 550 1816 et
571 1751 603 1816 in
622 1748 742 1822 eaoelso
765 1748 931 1826 oolloonre,
955 1763 987 1816 et
1006 1762 1126 1831 contra,
1147 1761 1243 1837 atque
1281 1787 1285 1798 ·

256 1875 329 1929 aute
357 1864 481 1948 luerat,
515 1863 555 1930 ad
582 1865 738 1930 orientem
765 1875 968 1931 convertere:
1003 1885 1040 1930 ao
1067 1885 1098 1930 se
1118 1886 1242 1954 sperare

255 1977 427 2054 dixerunt,
464 1979 489 2043 si
519 1977 597 2043 illud
629 1977 750 2066 signum
785 1978 858 2042 solis
892 1989 1015 2058 ortum,
1051 1989 1083 2043 et
1116 1978 1240 2061 lorum,

256 2092 443 2180 curiamque
474 2092 686 2180 conspiceret,
718 2093 801 2170 iore,
832 2104 869 2158 ut
902 2113 938 2157 ea
975 2091 1124 2176 consilia,
1160 2113 1242 2182 quse

257 2205 338 2272 clem
360 2217 462 2272 essent
479 2206 557 2272 inite
577 2219 687 2272 contra
701 2207 831 2272 sulutem
852 2205 948 2272 Urbis
972 2220 1067 2296 etque
1091 2207 1236 2295 imperii,

255 2319 506 2401 illustrarentur,
540 2335 575 2387 ut
603 2345 620 2386 a
647 2335 755 2416 senatu
787 2321 971 2412 populoque
1001 2321 1143 2387 Ilomuoo
1171 2341 1241 2410 per-

256 2435 335 2524 spici
358 2447 495 2524 ppsseut.
542 2437 649 2525 Atque
675 2437 754 2502 illud
779 2439 822 2502 ita
849 2435 1068 2502 collocandum
1101 2435 1241 2501 consules

257 2547 304 2614 illi
326 2547 533 2618 locaverunt:
568 2551 620 2615 sed
647 2562 732 2616 tanta
760 2551 821 2618 luit
856 2553 959 2640 operis
990 2549 1144 2634 tarditas,
1170 2564 1240 2616 utt

256 2661 454 2753 redemptor,
479 2665 535 2753 qui
565 2664 742 2730 columnam
760 2666 846 2732 illum
867 2665 906 2732 de
929 2665 1019 2733 Cotta
1041 2679 1073 2732 et
1096 2665 1136 2732 de
1159 2667 1241 2734 Tor·
1349 2677 1353 2684 '

257 2794 352 2866 qusto
384 2779 577 2846 conduxerat
606 2779 797 2859 faciendam,
825 2803 889 2846 non
913 2782 1025 2846 inertis
1057 2793 1111 2847 aut
1135 2781 1240 2870 inopie

258 2893 375 2957 tardior
398 2893 512 2974 luisse,
546 2894 599 2961 sed
624 2917 641 2960 s
665 2895 724 2959 diis
746 2895 977 2960 immortalibus
1007 2895 1045 2960 ad
1069 2895 1159 2960 istem
1184 2893 1241 2960 bo·

257 3029 322 3071 rum
347 3019 518 3074 reservatus
541 3031 606 3074 esse
628 3007 802 3074 ridereturs
827 3022 863 3075 ut
885 3018 911 3090 ²,
931 3031 994 3100 quo
1018 3007 1240 3098 diemsneper

255 3123 358 3187 forum
394 3145 463 3189 meo
491 3124 577 3188 iussn
606 3135 639 3190 et
662 3125 817 3190 coniurati
826 3175 835 3204 ,
866 3136 898 3189 et
933 3145 1042 3190 eorum
1066 3122 1184 3189 iudices
1207 3125 1239 3188 in

255 3238 364 3302 aedem
399 3235 593 3330 Ooncordiae
625 3237 834 3318 ducerentur,
865 3258 903 3303 eo
936 3237 1005 3326 ipso
1027 3249 1170 3327 tempore
1201 3238 1240 3302 ai·

254 3375 350 3442 gnum
374 3365 575 3419 statueretur.
624 3355 693 3440 Quo
717 3351 890 3430 collocato,
914 3364 1009 3441 atque
1032 3349 1070 3416 ad
1087 3351 1240 3442 populum

256 3481 459 3555 secutumque
479 3488 645 3548 converso,
673 3467 778 3533 omnia
798 3481 831 3532 et
853 3478 996 3548 senatus,
1031 3478 1063 3531 et
1086 3466 1236 3556 populus,

257 3602 337 3668 qune
352 3593 441 3646 erent
456 3595 566 3646 contre
589 3579 719 3646 sulutem
740 3581 881 3646 omnium
899 3580 1057 3670 cogitata,
1084 3579 1239 3646 illustrata

257 3693 336 3762 vidit
356 3709 389 3761 et
412 3695 578 3784 putelaota.
629 3699 703 3760 117.
729 3695 797 3762 lam
825 3693 935 3760 ³vero
957 3693 1010 3760 illa
1032 3693 1238 3784 Allobrogum

294 3986 315 4048 Ι)
333 3986 361 4034 de
379 3985 479 4034 Divinat.
495 3988 525 4036 ll.
544 4003 565 4036 o.
584 3981 625 4036 21.
644 3987 664 4051 ᾗ
682 3985 724 4037 ll.
740 4013 771 4023 —
787 3983 809 4053 ²)
827 3985 851 4033 in
868 3984 957 4036 catilin.
976 3986 1017 4036 lll.
1036 4002 1057 4036 c.
1074 3983 1099 4037 9.
1116 3984 1129 4050 d
1145 3981 1237 4032 21.-

262 4077 284 4144 δι
304 4079 361 4129 ruis.
379 4080 392 4144 s
409 4077 450 4130 22.
