2940 4920
702 343 743 410 03

238 527 327 616 100.)
372 527 434 596 V.'
454 528 518 596 303
545 527 715 619 πρόφασιν,
737 531 768 615 ,εἰ
795 525 1056 622 significationem
1080 545 1216 620 epotos,

233 637 320 722 ἅπαξ
337 641 491 734 ‘imm
510 641 608 732 (cons.
632 668 728 734 supra
746 669 778 711 v.
791 643 881 732 262).
902 643 1028 728 Quibus
1051 645 1217 726 accedunt,

235 759 349 828 eodem
360 783 463 826 versu:
476 757 555 850 κήδε’
566 758 690 849 ἑκάστη,
704 757 763 826 ubi
771 757 943 854 legendum
958 761 1109 850 proponit
1118 761 1216 828 Bentr

234 871 317 940 leius
333 871 417 963 κήδε’
429 867 554 944 ἅπασαι.
583 873 790 940 Homen'emn
804 875 891 940 enim
904 890 949 940 est
960 874 1116 954 leootoe.
1139 872 1215 940 Vid.

235 985 278 1052 ll.
299 990 330 1068 1,
350 987 415 1052 606
434 1003 465 1054 et
479 987 542 1054 607
550 1013 559 1068 ;
582 985 666 1054 cons.
686 1009 784 1078 supro
804 1012 835 1054 v.
853 987 928 1052 277.
963 987 1030 1054 Ubi
1051 1011 1126 1054 vero
1146 987 1218 1056 Suo·

235 1125 308 1181 στος
324 1123 392 1166 nou
411 1099 472 1168 sert
491 1098 616 1171 literam
634 1107 670 1187 F,
690 1102 713 1166 ii
734 1099 795 1168 loci
823 1103 1007 1168 recentioris
1017 1103 1124 1168 aetatis
1141 1117 1219 1166 suut

237 1230 296 1280 aut
316 1216 469 1304 coi-nepti.
502 1212 549 1280 At
572 1237 648 1281 vero
668 1231 767 1282 totam
782 1239 850 1284 rem
864 1213 991 1282 conficit
1012 1240 1043 1282 v.
1059 1214 1123 1280 303
1141 1234 1218 1304 pm-

128 1393 138 1414 ,
240 1350 361 1396 nomen
377 1325 482 1414 citio,
492 1327 696 1396 referendum
705 1331 773 1396 sine
786 1327 887 1396 dubio
901 1327 942 1396 ud
952 1325 1120 1406 Achillem3
1129 1326 1219 1417 quod
1354 1327 1358 1337 '

238 1458 347 1508 temen
371 1443 444 1516 satie
473 1443 657 1534 importuno
683 1446 829 1534 sequitur
855 1460 926 1534 post
954 1469 988 1508 v.
1009 1441 1091 1523 302,
1120 1442 1164 1506 ita
1183 1456 1220 1506 ut

239 1555 422 1622 Patroclum
434 1555 551 1625 seilicet
566 1581 627 1626 nec
641 1579 718 1624 vero
733 1555 894 1624 Achillem
908 1572 1046 1646 spectare
1062 1555 1217 1624 videatur.

240 1671 361 1752 Quodsi
380 1693 473 1752 vero,
493 1672 596 1740 eiectis
616 1669 886 1738 intercedentibus
907 1672 945 1734 et
970 1667 1132 1748 versibus,
1146 1691 1219 1734 ver-

239 1807 292 1848 sus
313 1783 377 1850 303
395 1787 498 1854 statim
517 1783 642 1878 legatur
655 1803 728 1876 post
744 1807 775 1852 v.
799 1785 882 1866 381,
898 1783 956 1850 ubi
978 1784 1098 1850 mentio
1114 1782 1219 1848 iniici-

242 1911 295 1976 tut
306 1896 466 1969 donormn
481 1895 600 1964 Achilli
611 1897 782 1964 allatorum
794 1900 926 1988 eiusque
937 1897 1063 1962 tentorii
1078 1911 1110 1960 et
1118 1918 1220 1983 equo-

241 2033 329 2076 tum:
359 2035 447 2077 more
466 2011 606 2079 Homero
626 2036 783 2104 perquam
804 2011 1025 2102 frequentato,
1050 2009 1219 2076 rectissime
1353 2022 1358 2038 ·

240 2124 377 2192 infermi·
388 2147 565 2218 pronomen
577 2123 683 2208 αδὲόςι
699 2128 746 2192 ita
756 2143 794 2192 ut
808 2128 874 2218 ipse
887 2117 1028 2192 Achillei
1041 2124 1133 2189 donis
1144 2121 1219 2203 suis,

242 2240 289 2304 uti
306 2257 338 2304 et
352 2241 487 2306 tentorio
500 2257 534 2308 et
551 2242 651 2330 equis,
667 2239 833 2306 commode
851 2256 1044 2328 opponetur.
1067 2235 1162 2302 Coni.
1181 2235 1220 2302 Il.

243 2354 380 2434 2,160;
404 2353 468 2420 Od.
493 2353 531 2435 9,
558 2355 632 2420 107.
656 2395 699 2409 —-·
723 2355 874 2427 Ceterum
900 2352 982 2420 nihil
1006 2353 1046 2418 de
1065 2353 1221 2421 anteriore

242 2467 387 2532 Briseidis
410 2468 613 2532 matrimonio
634 2485 773 2557 usquam
785 2466 826 2534 ab
845 2467 985 2534 Homero
998 2465 1142 2532 traditur.
1189 2475 1191 2483 “

287 2579 351 2660 111:
370 2581 517 2671 Euripid.
533 2580 655 2646 Phoen.
677 2581 752 2646 971.
882 2597 884 2604 ·

383 2701 447 2791 Μῆ
465 2702 499 2788 μ’
517 2702 672 2790 εὐλογείτω
691 2696 778 2786 oduei
795 2726 840 2780 τις
858 2701 977 2770 κτείνων
995 2699 1092 2768 τέκνα.
1200 2737 1212 2766 ·.

287 2813 315 2878 Ι.Ι
328 2829 407 2882 eme
422 2817 493 2906 quie
507 2837 559 2881 me
569 2811 678 2882 laudet
687 2811 805 2880 liberos
818 2835 904 2880 meos
920 2811 1119 2878 interficiens.
1133 2809 1222 2891 Quae

241 2943 348 3000 tamen
367 2951 477 2994 vereor
490 2943 526 2994 ut
540 2945 653 3016 aptum
671 2949 800 2992 sensum
814 2925 987 2994 exhibeant
1001 2942 1032 2992 et
1050 2931 1127 2989 cunt
1144 2933 1223 2988 cen·

243 3041 338 3132 tignis
359 3045 430 3108 satis
450 3041 532 3108 bene
553 3041 751 3108 cohaereant.
785 3040 949 3107 Immerito
970 3055 1076 3108 tamen
1096 3045 1223 3106 versum

243 3155 390 3238 spurium
403 3153 566 3232 iudiceris;
583 3177 659 3218 nam
675 3150 785 3218 vulsie
805 3150 928 3242 aliquid
939 3153 1006 3217 seni
1025 3151 1100 3218 inde
1117 3149 1223 3216 elicia-

245 3280 300 3330 tur
321 3285 444 3340 noneste
466 3269 515 3334 sit.
535 3267 650 3358 'Ipsius
674 3265 839 3356 Euripidis
856 3264 953 3332 verba
975 3282 1067 3343 sunt;
1093 3265 1147 3331 scd
1166 3265 1223 3330 de-

242 3376 408 3446 scribentis
428 3403 533 3446 errore
549 3377 734 3470 paullulum
754 3377 892 3446 turbate.
917 3379 1105 3472 Legendum
1122 3379 1222 3442 enim:

234 3557 239 3568 .
274 3535 290 3568 .·
366 3493 1104 3588 μῆμίεὐλογώωτὲκνατιςπείνονέἒμᾶ,

242 3611 379 3700 nequis
403 3635 454 3677 me
474 3610 584 3680 laudet
603 3612 720 3680 liberos
742 3637 829 3679 meos
853 3611 1063 3678 occidentem:
1084 3610 1104 3672 i.
1132 3631 1159 3673 e.
1184 3631 1225 3673 ne

244 3723 419 3812 quis.'mihi
442 3727 631 3814 penuadere
655 3727 797 3808 studeat,
822 3743 860 3792 ut
879 3723 984 3790 filium
1008 3745 1117 3788 meum
1140 3723 1225 3786 oeci-

244 3835 391 3902 dentlum
406 3839 532 3906 tmdam
546 3842 714 3909 neveeiue
730 3839 803 3906 facti
823 3837 970 3904 lahdator
989 3835 1108 3901 existat.
1132 3834 1225 3904 uoto

242 3952 306 4032 νεῖν
329 3947 378 4016 nil
392 3947 480 4018 aliud
501 3969 546 4018 est
565 3955 626 4020 nisi
647 3954 778 4020 laudare
787 4003 797 4035 ,
813 3975 985 4018 excusare:
1005 3949 1082 4014 hinc
1101 3947 1225 4014 Stoico-

246 4087 319 4130 rum
344 4071 464 4151 εὔλογος
487 4065 637 4155 ἐξαγωγή,
657 4069 682 4132 si
714 4068 786 4155 quis
814 4068 928 4132 iustam
959 4085 1087 4128 causam
1115 4075 1226 4126 nactus
