2862 4894
771 281 811 345 48

378 463 524 546 llultaque
545 467 655 526 mieceri
676 476 814 526 nocturna
835 475 927 547 etraqe
948 471 1063 548 putanti.

377 574 438 632 lam
459 592 524 632 vero
544 575 636 632 variae
657 584 798 632 nocturno
819 581 946 653 ternpore
966 576 1041 634 ritae

377 677 531 738 Terribilea
552 678 658 738 formae
679 677 790 738 bellum
811 688 961 760 motaeque
981 678 1152 740 monebant:

375 783 525 864 Multaque
546 805 597 864 per
617 795 704 844 terrae
726 794 803 844 vate·
825 785 918 868 oracla
939 785 1047 844 furenti

374 890 491 950 Pectore
511 889 671 951 fundebant
692 893 786 950 trietea
807 894 970 950 minitantia
990 910 1092 964 carun

376 995 469 1078 Atque
491 1019 543 1074 ea,
564 1017 638 1079 qnae
659 997 741 1078 lapan
762 996 878 1057 tandem
899 996 1026 1058 cecidere
1049 1007 1177 1075 vetueto,

376 1102 452 1162 llaec
472 1103 550 1172 lore.
570 1105 713 1184 perpetuia
734 1102 824 1182 riguit
844 1103 984 1183 clarieque
1005 1103 1190 1184 frequentant

376 1208 442 1288 lpse
462 1207 551 1269 delam
573 1211 683 1288 genitor
703 1207 782 1268 coelo
804 1211 941 1290 terrisque
962 1207 1091 1268 canebat.

295 1311 364 1375 120.
414 1313 500 1374 llunc
520 1336 566 1382 ea.
585 1313 736 1396 Torquato,
758 1335 831 1396 quae
845 1314 1000 1396 quondam,
1015 1326 1045 1375 et
1058 1314 1174 1375 contule
1189 1313 1279 1387 Cotta,

376 1419 485 1500 quiur
505 1419 634 1482 ediderat
653 1420 815 1501 Tyrrhenae
836 1423 929 1502 qentia
950 1421 1105 1502 barnepex,

374 1526 479 1587 Omnia
501 1512 557 1586 lina
578 1537 645 1586 tuna
665 1527 826 1608 glomerant
847 1525 1020 1587 determinat
1039 1547 1143 1587 annue.

373 1631 446 1692 llam
467 1643 548 1714 pater
568 1631 742 1712 altitonans,
763 1633 891 1694 atellanti
911 1636 996 1693 nirue
1016 1633 1162 1715 Olympo,

373 1735 439 1816 lpee
459 1756 524 1796 enoc
544 1735 689 1818 qnondam
709 1737 836 1797 tumuloe
857 1757 890 1797 ac
910 1737 1019 1819 templa
1038 1741 1159 1820 petivit,

372 1843 413 1914 Et,
428 1841 594 1926 Capitolini·
614 1847 713 1904 iniecit
733 1843 849 1904 eedibue
869 1848 960 1924 ignee.

372 1947 448 2008 'l'um
468 1949 576 2030 apediea
596 1968 635 2008 ex
655 1970 719 2009 aere
742 1959 822 2009 vetur
842 1969 1033 2031 generataque
1053 1947 1155 2010 Nattae

372 2051 521 2130 Concidit,
542 2053 709 2135 elapsaeque
730 2063 841 2113 retueto
861 2057 981 2114 numine
1002 2053 1098 2134 legea,

373 2159 409 2219 llt
429 2159 527 2220 divom
548 2159 701 2220 aimulaora
721 2164 843 2239 peremit
863 2159 994 2220 fulmini·
1014 2160 1106 2222 ardor.

372 2263 426 2323 llic
446 2265 584 2325 ailreatrie
605 2276 666 2325 erat
687 2265 810 2324 Romani
831 2267 956 2324 nomime
977 2265 1082 2336 altrix,

373 2371 473 2432 blartia
484 2418 494 2450 ,
514 2395 587 2456 quae
608 2393 708 2455 parroe
728 2373 864 2432 Mavortia
884 2377 994 2434 nemine
1014 2385 1096 2434 uatoe

374 2477 517 2539 Uberibus
537 2479 660 2560 gravidis
682 2478 762 2538 vitali
782 2499 845 2539 rore
865 2477 996 2559 rigabat:

370 2585 449 2660 Quae
470 2597 533 2645 tum
553 2605 619 2645 cum
642 2588 739 2666 pueria
759 2583 906 2645 llammato
926 2583 1058 2644 fulminis
1079 2589 1140 2645 ictu

370 2690 501 2752 Concidit
521 2701 607 2772 atque
627 2691 725 2750 arulaa
745 2691 852 2770 pedum
873 2695 990 2772 vestigia
1012 2691 1108 2772 liquit.

293 2793 359 2855 121.
412 2798 487 2856 Tum
507 2799 572 2876 quia
593 2815 662 2872 non,
682 2799 751 2854 artie
771 2800 875 2877 acripta
889 2817 922 2856 ac
935 2805 1121 2857 monumenta
1133 2795 1277 2865 volutane.

372 2903 460 2963 Voree
480 2901 622 2962 trietifieae
642 2901 748 2961 chartie
770 2901 917 2982 promebat
937 2903 1091 2963 Etruscie‘l

374 3009 481 3068 Omnea
501 3006 579 3066 cirili
601 3027 736 3088 qeneroaa
757 3005 795 3065 ab
816 3010 905 3089 atirpe
926 3008 1081 3088 prolectam

369 3115 467 3174 Vitare
487 3117 635 3194 ingentem
656 3111 768 3172 cladem
789 3124 956 3194 pectemque
977 3112 1152 3174 monebant:

370 3219 423 3280 Vel
446 3221 542 3299 lequm
564 3221 684 3280 exitium
705 3223 846 3280 constanti
867 3239 935 3280 voce
956 3219 1105 3296 serebant,

335 3305 338 3312 ¹
368 3327 487 3406 Templa
508 3324 654 3407 dequne
674 3326 745 3386 adeo
765 3323 890 3386 llummia
911 3325 1069 3405 urbemque
1093 3323 1232 3384 iubebant

368 3435 503 3513 Eripere.
523 3443 552 3492 et
572 3443 696 3514 stragem
717 3431 883 3494 horribilem
908 3431 1081 3512 caedemque
1101 3432 1209 3490 vereri:

367 3540 462 3618 Atque
483 3537 552 3597 baec
573 3537 629 3597 lixa
649 3541 727 3618 gravi
747 3537 804 3596 fato
825 3559 857 3598 ac
877 3537 997 3598 fundata
1018 3539 1129 3610 teneri;

369 3643 406 3702 lti
427 3655 511 3724 port,
532 3643 676 3704 excelsum
697 3642 734 3702 ad
753 3643 888 3704 columen
909 3643 1029 3703 formata
1049 3643 1169 3720 decore,

368 3749 473 3808 Sancta
496 3749 568 3807 lovia
588 3751 697 3828 apeciea
718 3749 809 3808 claros
831 3758 971 3829 spectaret
993 3751 1024 3807 in
1044 3759 1133 3808 ortua.

367 3854 440 3913 'lum
460 3855 541 3924 fore,
565 3865 598 3912 ut
618 3854 745 3914 occultoa
767 3855 889 3934 populna
911 3865 1080 3936 aanctnaque
1101 3863 1214 3914 cenatur

367 3961 486 4022 Cernere
507 3971 626 4020 conatae
646 3971 759 4042 posset,
781 3965 804 4019 ei
826 3961 893 4020 colia
914 3961 1065 4020 adortum

366 4069 524 4137 Conventa,
546 4065 613 4126 inde
634 4079 749 4146 patrum
769 4065 850 4126 redet
871 4066 1027 4146 populique
1050 4063 1167 4124 videret.
