2862 4894
758 329 800 392 24

300 515 418 584 ordinis
442 524 563 604 portem
586 511 673 578 illurn
695 510 935 594 subselliorum,
961 511 1000 580 ud
1024 535 1118 602 quom
1144 513 1195 582 ille
1218 537 1280 580 oc-

300 611 450 710 cesseret,
474 625 588 694 uudurn
608 639 704 716 etque
727 627 852 694 iconem
876 627 1084 718 reliquerunt.
1133 635 1188 696 55.
1213 629 1282 696 llio

300 770 357 836 ego
384 745 563 836 quaeririe
591 741 748 821 Catilius,
778 743 808 808 in
833 755 986 810 nocturno
1014 757 1168 811 conventu
1192 745 1283 834 opud

300 862 340 928 li.
364 861 497 926 Loeeorn
524 857 654 940 fuisset,
680 879 789 924 necne.
836 859 939 944 Quum
960 857 1037 938 ille,
1061 857 1157 925 horno
1181 857 1283 924 euda-

301 976 459 1053 cissimus,
493 972 683 1038 conscientie
718 971 899 1052 conuictus,
936 974 1042 1063 primo
1078 975 1281 1043 reticuisset:

242 1133 245 1140 ·
299 1089 436 1180 peteleoi
470 1100 594 1167 cetero3
621 1085 697 1177 quid
723 1110 758 1154 eo
781 1099 878 1154 noete
903 1087 1031 1176 egisset,
1055 1087 1132 1179 quid
1156 1089 1188 1154 iu
1207 1111 1287 1177 pro·

302 1206 414 1270 ximom
454 1201 687 1283 constituisset,
730 1200 995 1291 quemadmodum
1025 1217 1111 1290 'esset
1142 1204 1172 1269 ei
1199 1205 1287 1268 rotio

302 1319 399 1386 totius
412 1315 487 1384 belli
506 1314 677 1406 descripte,
701 1315 826 1382 edocui.
857 1317 961 1402 Quum
976 1317 1155 1400 haesitaret,
1181 1339 1288 1408 quum

303 1444 485 1515 teneretur;
511 1431 663 1521 quaesiui,
689 1430 766 1521 quid
790 1431 950 1500 dubitaret
973 1433 1128 1524 proficisci
1140 1455 1195 1513 eo,
1219 1453 1289 1521 quo

305 1544 491 1636 iampridem
506 1557 649 1634 peruncto
672 1565 770 1634 quum
790 1569 887 1630 ormo,
912 1569 1011 1636 quum
1023 1569 1158 1625 secures,
1184 1567 1289 1635 quurn

306 1663 421 1742 leuues,
457 1681 556 1749 quum
586 1657 701 1741 tubos,
737 1681 835 1749 quum
867 1661 953 1750 siguo
978 1660 1149 1739 militarie,
1185 1682 1289 1750 quum

307 1773 445 1866 equilum
477 1773 563 1840 illem
594 1785 788 1863 argenteum,
826 1775 879 1841 cui
911 1775 966 1842 ille
992 1777 1087 1842 etiem
1114 1775 1290 1840 sacrarium

307 1889 460 1958 scelerum
482 1885 569 1954 domi
592 1909 664 1954 suoe
687 1887 822 1967 tooerrr,
849 1889 962 1956 scirem
986 1911 1051 1956 esse
1071 1888 1289 1979 praemissam.

309 2008 360 2072 56.
385 2000 595 2089 Quamobrem
613 2000 625 2039 ¹
643 1998 723 2068 hoec
745 2001 811 2069 lere
831 1999 895 2068 diri
919 2002 951 2086 iu
972 2015 1099 2068 senetur

354 2114 462 2203 »Quid
480 2114 493 2154 ²
510 2127 578 2199 est,
605 2113 759 2193 Cutiliuo,
782 2113 868 2206 quod
895 2116 956 2182 iem
970 2115 1102 2207 emplius
1116 2126 1291 2206 exspectes,

310 2232 335 2297 si
362 2251 466 2321 neque
487 2249 546 2294 nor
566 2229 704 2296 tenebris
732 2229 900 2298 obscurare
925 2244 1033 2299 coetus
1055 2231 1205 2307 nefarios,
1232 2251 1294 2296 neo

310 2343 431 2435 privato
450 2341 560 2409 domur
588 2343 763 2434 perietibus
784 2345 945 2413 continere
963 2367 1053 2414 rocco
1066 2345 1296 2412 coniurationis

311 2470 384 2526 tuoe
415 2457 545 2547 potest?
580 2457 605 2522 ri
640 2457 855 2542 illustrantur,
893 2461 918 2525 ri
951 2473 1122 2550 erumpunt
1161 2461 1298 2528 omniu?

310 2569 474 2639 Mutrium
498 2571 588 2638 istum
608 2584 756 2655 mentem,
784 2573 863 2640 mihi
884 2573 998 2640 erede:
1024 2573 1208 2640 obliviscere
1223 2595 1298 2640 cee-

311 2684 376 2766 dis,
399 2699 494 2776 utque
517 2683 745 2754 incendiorum.
792 2687 922 2754 Teneris
943 2688 1103 2778 undique:
1125 2688 1197 2754 luce
1223 2703 1298 2755 eunt

312 2800 443 2867 elorioru
474 2799 566 2866 uobis
599 2813 651 2868 tuo
684 2800 814 2868 oonsilio
846 2803 960 2868 omnis.
1007 2801 1211 2890 Quid⁸est,
1240 2803 1299 2870 Cu·

313 2915 418 2995 tilius,
455 2913 541 3005 quod
569 2915 682 2982 teiam
710 2916 742 2980 iu
765 2913 825 2982 hoc
848 2917 927 2983 urbe
946 2915 1102 2983 delectare
1124 2916 1250 3007 possit?
1265 2918 1299 2984 iu

314 3051 376 3120 quo
398 3051 491 3096 nemo
508 3041 572 3111 est,
607 3041 693 3097 extro
712 3029 803 3097 istum
828 3031 1078 3100 coniurationem
1099 3031 1300 3121 perditorum

312 3141 495 3223 hominurn,
520 3143 577 3234 qui
601 3156 631 3210 te
645 3167 707 3210 uon
725 3157 871 3224 metuite
896 3167 1001 3229 nemo,
1026 3147 1081 3236 qui
1099 3169 1168 3212 non·
1179 3143 1297 3212 oderit.

316 3261 370 3326 57.
393 3258 487 3326 Nunc
503 3260 518 3304 ⁴
534 3281 618 3340 uero,
642 3282 722 3349 queo
738 3272 792 3326 tuo
813 3273 858 3327 est
872 3261 929 3328 isto
946 3261 1039 3327 rito?
1062 3258 1116 3326 Sic
1132 3262 1216 3326 euim
1234 3261 1299 3324 iorn

315 3355 420 3440 tecum
439 3373 569 3463 loquer,
593 3396 655 3440 nou
674 3386 710 3440 ut
731 3373 805 3440 odio
829 3387 991 3464 permotus
1009 3397 1073 3441 esse
1087 3373 1207 3451 uideor,
1234 3393 1299 3462 quo

314 3488 437 3573 debeo,
463 3487 516 3556 sed
537 3501 573 3554 ut
594 3488 830 3572 misericordie,
857 3512 938 3580 quoe
962 3489 1021 3556 tibi
1043 3488 1129 3554 nullo
1150 3488 1299 3556 debetur.

316 3603 437 3678 Venisti
463 3601 570 3694 poullo
585 3615 657 3670 ente
673 3603 706 3668 in
727 3614 879 3673 senorum.
929 3603 1004 3690 Quis
1024 3616 1056 3670 te
1077 3625 1117 3669 ex
1135 3601 1195 3668 hoc
1212 3613 1300 3667 touta

317 3719 516 3808 frequentia,
541 3731 589 3786 tot
607 3741 644 3786 ex
662 3718 723 3786 tuis
747 3717 857 3784 ominis
878 3741 916 3786 oo
933 3719 1110 3786 necessariis
1129 3717 1301 3784 salutarit?

307 3885 464 3901 fi*

353 3979 376 4045 ι)
392 3978 418 4029 ιι
434 3975 1302 4050 cuu.1.0.e.ozu—uuuee.oe.-³)nro.eoois..-

318 4069 548 4139 urceorum
