2772 4902
724 340 790 406 tat

263 555 332 598 rum
357 554 412 596 suo
435 530 568 621 quisque
592 527 684 594 modo
712 529 904 594 illustrarent
932 527 979 594 rel
1001 525 1255 616 amplificarent.

264 647 442 714 Accedebat
452 659 486 711 ut
499 645 582 711 haud
598 667 697 734 panca
706 643 884 710 Historias
893 643 954 710 suis
968 645 1151 721 intexerent,
1167 665 1259 734 quae

262 765 287 826 si
311 783 372 826 non
396 762 455 851 ipsi
474 762 641 839 finxissent,
666 772 750 826 certe
762 760 827 825 sine
846 760 920 824 crisi
939 759 1002 824 ulla
1020 760 1206 850 reciperent
1225 774 1261 828 et

263 899 321 965 pro
352 878 431 942 reris
455 876 621 942 traderent.
667 873 748 941 Cum
779 874 839 941 hoc
867 875 1057 963 scriptorum
1086 897 1208 964 genere
1234 877 1259 941 ii
1370 915 1371 930 κ

263 987 482 1077 conjungendi,
507 1011 643 1078 qnorum
671 991 752 1054 inter
769 987 903 1054 Graecos
926 988 1032 1078 plures
1056 989 1162 1072 fuere,
1196 991 1259 1079 qui
1370 1021 1371 1080 p

262 1104 302 1170 de
326 1105 541 1170 Hebraeorum
569 1117 660 1193 gente
690 1084 787 1193 atque¹
808 1105 959 1170 institutis
986 1105 1088 1170 minus
1111 1104 1260 1193 benigne

262 1219 425 1298 sentirent,
449 1232 484 1283 ut
511 1217 717 1307 Apollonius
738 1217 869 1299 Mulon,
893 1241 929 1284 cx
950 1217 1088 1284 Eusebio
1106 1220 1259 1285 lontibus

263 1331 432 1398 Alexandri
459 1333 717 1399 annumerandus.
763 1338 868 1422 Atque
898 1336 941 1398 sic
969 1333 1175 1423 perspicuum
1208 1345 1260 1399 est

262 1447 490 1524 Alexandrum,
521 1469 619 1537 quum
653 1449 748 1514 etiam
780 1447 894 1537 Moysis
926 1447 1025 1514 libros
1056 1447 1260 1514 consuluisse
1370 1453 1371 1514 f

265 1563 405 1628 rideatur
424 1561 454 1644 ¹,
480 1564 553 1628 satis
568 1585 711 1651 magnam
723 1574 755 1628 et
767 1563 882 1628 uariam
896 1563 1105 1630 subsidiorum
1122 1565 1260 1652 copiam
1370 1603 1371 1620 r

263 1677 324 1742 sibi
337 1678 499 1766 paravisse,
517 1689 551 1742 ut
569 1675 608 1742 de
620 1677 806 1742 ludaeorum
826 1675 954 1742 historia
968 1676 1048 1743 bene
1063 1691 1258 1744 mereretur.

263 1794 367 1878 Quum
388 1815 460 1858 aero
477 1773 641 1871 llldsebius,
659 1791 854 1881 quodmodo
872 1790 1026 1870 dicebam,
1038 1790 1258 1857 Alexandrum

261 1931 434 1998 excerpens
448 1931 510 1974 non
526 1910 564 1974 ad
586 1923 757 1974 auctorem·
770 1907 967 1978 Ἰουδαϊκῶν
993 1907 1181 1987 attenderit,
1201 1906 1258 1973 sed

263 2023 302 2089 ad
327 2025 454 2090 testium
475 2045 554 2113 quos
576 2020 753 2088 adduxisset
777 2043 955 2103 nnmerum,
982 2019 1021 2087 de
1044 2043 1115 2087 reru
1143 2019 1258 2086 indole

262 2137 346 2203 illius
369 2139 586 2203 commentarii
610 2150 642 2203 et
655 2137 841 2203 narrationis
861 2135 1166 2224 lidenihilamplins
1188 2149 1257 2202 stn-

262 2263 327 2317 tuo.
373 2251 454 2318 Nam
478 2273 540 2315 non
556 2275 573 2316 a
589 2251 715 2318 delectu
739 2262 873 2331 tantum,
893 2271 957 2341 quo
980 2249 1174 2316 insontibus
1192 2250 1256 2316 sibi

262 2365 408 2454 parandis
432 2364 607 2432 Alexander
632 2387 703 2430 usus
717 2365 769 2446 sit,
789 2377 912 2453 atquea
929 2385 1060 2430 numero
1079 2363 1254 2442 librorum,

263 2477 315 2544 sed
339 2503 356 2543 a
379 2480 520 2560 consilio,
543 2503 560 2544 a
580 2479 712 2562 ratione,
735 2478 890 2566 ajudicio
903 2479 933 2544 in
950 2480 1071 2568 primia,
1097 2501 1163 2568 quo
1185 2503 1256 2546 eos·

261 2593 334 2660 dem
357 2593 554 2674 adbibuerit,
585 2596 690 2661 omnin
726 2593 873 2684 pendent.
920 2594 989 2658 Duo
1013 2607 1116 2660 tamen
1143 2615 1255 2683 perae·

262 2709 386 2797 quenda
411 2703 539 2789 restant,
558 2733 596 2776 ne
611 2707 743 2775 tacendo
762 2709 812 2775 rel
828 2708 1051 2774 refutationem
1072 2708 1255 2774 detrectare

263 2824 311 2888 rel
332 2825 472 2890 assentiri
488 2823 593 2890 ridear
607 2821 786 2912 Wegenero
801 2835 833 2888 et
846 2819 1000 2900 liaucbio,
1014 2843 1149 2911 quorum
1165 2835 1253 2889 uter·

263 2957 325 3029 que
349 2938 541 3003 falsissimam
565 2937 638 3004 tulit
664 2937 865 3016 seutentiam,
892 2936 970 3002 alter
997 2934 1036 3002 de
1061 2949 1252 3024 argumento

263 3052 375 3139 operia,
392 3051 431 3115 de
455 3065 582 3117 auctore
601 3052 690 3118 alter.
714 3051 835 3118 llorum
851 3071 924 3138 ergo
944 3051 1078 3116 rationes
1094 3051 1156 3116 iam
1171 3071 1251 3116 con·

263 3164 353 3228 tinuo
377 3165 608 3231 examinandae.

307 3278 517 3366 Wegenerus,
540 3303 634 3368 quem
657 3280 741 3368 quod
765 3279 976 3346 Alexandrum
999 3277 1142 3368 Pergami
1159 3281 1251 3350 'Iou-

263 3387 363 3460 doe'a'arol
376 3395 584 3482 composuisse
601 3395 760 3483 opinatur,
780 3416 864 3460 nunc
875 3415 938 3460 non
954 3394 1115 3460 morabor:
1130 3391 1251 3460 »Gom-

210 3581 212 3590 .
263 3506 377 3596 pilatis,
396 3509 512 3598 inquit,
532 3507 708 3598 Eupolemi,
728 3509 890 3598 Artapani,
907 3507 1072 3589 Demetrii,
1089 3505 1247 3574 Theodoti

250 3663 360 3672 ιιι-σι».

298 3755 319 3821 1)
337 3754 386 3808 nrt
403 3759 483 3808 Euneb.
500 3759 519 3807 1,
536 3759 557 3806 l.
576 3757 609 3805 19
627 3776 646 3809 a.
663 3759 758 3821 l.,ooll.
773 3763 859 3810 Ganos.
870 3761 950 3809 xxix.
966 3758 1064 3808 2-13.
1094 3761 1171 3808 lenet
1181 3759 1247 3806 llxu·

261 3850 326 3899 chius
343 3869 365 3914 p.
375 3848 410 3898 36
425 3851 514 3899 landari
532 3851 680 3901 Ἰουδαϊκὰ
697 3854 726 3900 ab
744 3853 881 3918 Hieronymo
900 3855 945 3909 lid.
965 3863 1058 3918 quaeat.
1078 3855 1198 3902 Hebraic.
1216 3851 1245 3898 ἐπ

264 3947 372 3994 Genesin
391 3947 409 3994 l.
426 3963 448 4008 p.
466 3943 517 3993 529
533 3945 569 3994 ed.
589 3947 723 4008 Benedict.,
746 3947 809 4009 quod
824 3965 881 4011 opus
898 3947 953 3995 mibi
978 3948 1008 3995 ad
1025 3963 1175 3996 maunmnon
1191 3951 1239 3992 eat·

261 4039 327 4086 llrud
344 4039 391 4088 saio
407 4049 481 4089 umen
498 4057 528 4089 nn
546 4039 669 4102 quidquam
687 4058 714 4088 nx
733 4041 855 4090 Alexandri
872 4041 931 4090 libro
948 4043 1055 4104 prolerat,
1073 4041 1133 4104 qnod
1151 4035 1243 4090 aliunde

262 4150 397 4196 ignoremus.
