2976 4900
777 353 819 416 48

354 542 452 626 Quod
462 541 628 634 Lysander
636 541 755 608 dicitur
765 539 964 632 sepulturam
977 543 1174 624 concessisse,
1182 564 1288 634 quum

309 653 452 724 Athenas
472 654 646 738 obsideret,
664 652 782 720 salsum
800 671 856 722 est.
879 655 988 722 Renre
1005 655 1073 722 iarn
1090 653 1290 747 niiqcnmdiu

308 785 382 836 ente
406 769 516 836 doctae
540 785 648 850 erant,
676 791 777 858 quam
800 770 826 834 is
846 767 889 834 cd
907 767 1024 834 urbem
1046 771 1290 860 appropinqua·

308 899 374 974 ret:
400 879 574 972 Sophocles
596 882 693 972 igitur
714 887 779 946 iem
801 881 858 946 diu
879 879 1024 970 sepultus
1046 895 1124 948 erat.
1173 882 1218 946 Et
1241 897 1291 974 tn-

307 1017 383 1062 men
413 993 484 1062 fieri
508 1011 634 1084 potest,
666 1010 704 1059 ue
735 995 802 1060 veri
835 991 968 1084 aliquid·
989 993 1102 1060 subsit
1145 993 1292 1062 Patrium

308 1107 493 1198 sepulcrum
510 1107 573 1174 fuit
587 1105 757 1175 Deceleam
775 1115 895 1175 versusL
924 1107 1200 1176 Hancobsidebrt
1213 1107 1292 1202 Agis

308 1223 371 1286 ism
390 1245 448 1311 per
463 1219 596 1312 aliquod
614 1237 752 1311 tempos.
782 1219 833 1288 Cf.
849 1221 934 1288 Xen.
949 1219 1034 1302 Heli.
1050 1222 1094 1287 Π.
1107 1223 1140 1288 9.
1152 1224 1185 1288 7.
1207 1222 1292 1288 For-

308 1352 388 1402 tasse
410 1337 508 1429 igitur
530 1334 614 1402 nihil
639 1335 851 1403 substitutum
874 1353 921 1406 est
944 1339 1007 1403 nisi
1028 1339 1137 1403 notius
1160 1361 1292 1404 nomen.

308 1449 438 1516 Praeter
460 1448 638 1516 Auctorem
656 1451 724 1516 vit..
738 1473 808 1516 rem
832 1452 962 1542 attigere
979 1447 1065 1516 Plin.
1087 1449 1129 1514 H.
1152 1449 1196 1516 N.
1213 1449 1292 1520 vlt.

310 1562 355 1630 30
371 1579 404 1630 et
422 1563 517 1630 Peos.
534 1565 561 1630 I.
582 1565 641 1640 st;
662 1562 719 1630 sed
737 1563 809 1643 hic,
829 1564 943 1630 omisso
954 1561 1112 1653 Lysandri
1128 1563 1271 1630 nomine.

353 1676 480 1768 Iophon
504 1677 622 1744 dicitur
638 1675 824 1768 sepulcrum
840 1693 1013 1767 paternum
1034 1700 1161 1745 ornasse
1180 1679 1293 1744 inscri-

309 1791 419 1880 ptione
442 1789 495 1882 (cs.
517 1787 593 1858 Vel.
615 1791 703 1856 Mox.
723 1789 817 1858 VIII.
839 1791 870 1854 7.
896 1789 968 1878 ifl);
1002 1789 1093 1882 quod
1108 1807 1216 1858 tomen
1236 1792 1291 1858 rix

308 1902 471 1972 credibile.
514 1901 612 1972 Filios
634 1901 764 1994 reliquit
791 1904 955 1995 quinque,
981 1919 1020 1970 ut
1043 1903 1141 1970 tradit
1162 1902 1292 1985 Suidrs,

306 2017 518 2108 Iophontem,
549 2017 779 2098 Lemthenem,
810 2016 1012 2100 Aristonem,
1039 2016 1242 2108 Stephanum
1260 2033 1294 2085 et

307 2129 533 2200 Menecliden.
578 2131 691 2223 Magni
722 2130 862 2199 honores
889 2133 920 2198 ei
944 2129 1047 2197 habiti
1066 2147 1160 2198 sunt:
1188 2145 1294 2198 statur
1324 2213 1326 2218 ,
1451 2235 1452 2254 Χ

308 2243 344 2318 οἱ,
362 2245 463 2334 posita
484 2259 546 2324 est,
573 2244 623 2309 uti
639 2242 791 2334 Euripidi
815 2261 848 2311 et
867 2241 1044 2337 Amchylo:
1072 2241 1204 2312 illorum
1225 2259 1292 2310 trr-

307 2355 439 2448 goedine
462 2352 592 2444 publice
614 2345 858 2424 esserrebantur
880 2373 914 2424 et
931 2354 1158 2424 recitabantur.
1187 2357 1292 2442 Quin

308 2485 342 2536 et
366 2467 520 2540 sacellum
553 2471 584 2536 ei
605 2468 806 2538 aefflficctum
827 2487 875 2539 est
895 2487 928 2538 et
948 2469 1211 2538 divinihonorcs
1231 2468 1292 2536 hr-

306 2581 369 2660 biti
395 2583 459 2652 suh
485 2585 617 2652 nomine
643 2584 811 2668 Dorionis,
838 2587 962 2672 sivero
990 2581 1086 2652 refert
1110 2583 1221 2678 Etym.
1242 2583 1292 2650 Μ.

306 2719 354 2768 tn,
367 2721 456 2770 voce.
606 2760 611 2770 .

353 2809 479 2878 Multae
500 2827 663 2902 praetereo
684 2810 724 2878 de
738 2833 777 2879 eo
791 2833 898 2904 nugae
912 2809 1197 2891 cimumfernnmr,
1211 2833 1292 2901 ques

310 2920 409 2990 verbo
431 2903 569 2993 necho}
591 2923 716 2992 Habuit
734 2925 949 2992 secerdotium
969 2922 1118 3007 Helonis,
1131 2925 1171 2990 rit
1183 2939 1293 2991 narnt

310 3034 435 3102 Auctor
450 3038 506 3103 vit.
514 3062 523 3115 ς
545 3039 668 3128 ex'ce'pit
689 3035 921 3129 Aesculapium
934 3037 1091 3129 hospitio,
1106 3037 1292 3106 'mumdum

309 3148 419 3242 Etym.
431 3149 479 3216 M.
498 3147 521 3215 l.
538 3147 562 3216 l.
574 3164 606 3217 et
619 3147 706 3218 Plut'.
717 3152 817 3220 Num.
837 3154 884 3231 t·,
901 3149 1048 3219 Herculis
1063 3155 1124 3242 ope
1142 3151 1293 3219 indicarit

309 3261 397 3329 furto
420 3261 748 3348 ablaumeoronsm,
772 3263 1013 3333 testeAmtors
1035 3267 1108 3347 vit„
1124 3280 1182 3332 sot
1204 3279 1292 3356 pste-

306 3399 399 3458 rrm,
422 3399 506 3467 quse
528 3393 575 3443 est
596 3376 759 3446 Ciceronis
780 3379 920 3446 ncrmtio
940 3377 982 3445 dc
1002 3377 1077 3445 Dis.
1101 3377 1129 3442 I.
1155 3378 1210 3443 95.
1225 3377 1290 3456 54ς

305 3487 443 3556 tandem
471 3487 668 3556 carminibus
698 3490 763 3556 suis
784 3489 903 3558 dicitnr
919 3491 1080 3581 preeunte
1098 3505 1229 3573 remos,
1255 3504 1292 3556 ut

303 3599 577 3672 receptibus.
600 3601 640 3672 de
662 3600 730 3671 Vit.
752 3599 863 3692 ApolL
886 3601 979 3670 VIII.
1001 3603 1078 3670 mi.
1102 3601 1167 3693 58.
