<?xml version="1.0" encoding="UTF-8"?>
<!DOCTYPE html PUBLIC "-//W3C//DTD XHTML 1.0 Transitional//EN"
    "http://www.w3.org/TR/xhtml1/DTD/xhtml1-transitional.dtd">
<html xmlns="http://www.w3.org/1999/xhtml" xml:lang="en" lang="en">
 <head>
  <title>
</title>
<meta http-equiv="Content-Type" content="text/html;charset=utf-8" />
  <meta name='ocr-system' content='tesseract 3.04.00' />
  <meta name='ocr-capabilities' content='ocr_page ocr_carea ocr_par ocr_line ocrx_word'/>
</head>
<body>
  <div class='ocr_page' id='page_1' title='image "./miscellaneaphil00paedgoog_0490.png"; bbox 0 0 2940 4900; ppageno 0'>
   <div class='ocr_carea' id='block_1_1' title="bbox 653 377 717 444">
    <p class='ocr_par' dir='ltr' id='par_1_1' title="bbox 653 377 717 444">
     <span class='ocr_line' id='line_1_1' title="bbox 653 377 717 444; baseline 0.031 -2"><span class='ocrx_word' id='word_1_1' title='bbox 653 377 717 444; x_wconf 79' lang='lat' dir='ltr'><strong>tta</strong></span> 
     </span>
    </p>
   </div>
   <div class='ocr_carea' id='block_1_2' title="bbox 87 582 1177 1004">
    <p class='ocr_par' dir='ltr' id='par_1_2' title="bbox 189 582 1170 638">
     <span class='ocr_line' id='line_1_2' title="bbox 189 582 1170 638; baseline 0.009 -10"><span class='ocrx_word' id='word_1_2' title='bbox 189 582 277 628; x_wconf 73' lang='lat' dir='ltr'><strong>cetu.</strong></span> <span class='ocrx_word' id='word_1_3' title='bbox 308 608 1170 638; x_wconf 87' lang='grc'><strong>.......................................</strong></span> 
     </span>
    </p>

    <p class='ocr_par' dir='ltr' id='par_1_3' title="bbox 188 675 1177 889">
     <span class='ocr_line' id='line_1_3' title="bbox 188 675 1103 772; baseline 0.008 -28"><span class='ocrx_word' id='word_1_4' title='bbox 188 695 262 744; x_wconf 75' lang='lat' dir='ltr'><strong>no.</strong></span> <span class='ocrx_word' id='word_1_5' title='bbox 300 675 437 758; x_wconf 71' lang='lat' dir='ltr'><strong>Habeas,</strong></span> <span class='ocrx_word' id='word_1_6' title='bbox 450 676 750 746; x_wconf 77' lang='lat' dir='ltr'><strong>utnanctu&#39;szuota</strong></span> <span class='ocrx_word' id='word_1_7' title='bbox 760 677 1103 772; x_wconf 74' lang='lat' dir='ltr'><strong>malareeoptuma&#39;st</strong></span> 
     </span>
     <span class='ocr_line' id='line_1_4' title="bbox 298 791 1177 889; baseline 0.006 -31"><span class='ocrx_word' id='word_1_8' title='bbox 298 791 1064 889; x_wconf 72' lang='lat' dir='ltr'><strong>Namegontine,siignotamcapiam,quidagam</strong></span> <span class='ocrx_word' id='word_1_9' title='bbox 1073 801 1177 866; x_wconf 70' lang='lat' dir='ltr'><strong>nesci-</strong></span> 
     </span>
    </p>

    <p class='ocr_par' dir='ltr' id='par_1_4' title="bbox 87 903 1175 1004">
     <span class='ocr_line' id='line_1_5' title="bbox 87 903 1175 1004; baseline 0.007 -39"><span class='ocrx_word' id='word_1_10' title='bbox 87 917 89 938; x_wconf 74' lang='lat'><em>*</em></span> <span class='ocrx_word' id='word_1_11' title='bbox 186 921 274 968; x_wconf 68' lang='lat' dir='ltr'><strong>cut.</strong></span> <span class='ocrx_word' id='word_1_12' title='bbox 296 903 1113 1004; x_wconf 55' lang='lat' dir='ltr'><strong>Netuherclofaxohautuesciasquamremegeris.(</strong></span> <span class='ocrx_word' id='word_1_13' title='bbox 1168 957 1175 973; x_wconf 92' lang='lat'><strong>.</strong></span> 
     </span>
    </p>
   </div>
   <div class='ocr_carea' id='block_1_3' title="bbox 179 1063 1176 4222">
    <p class='ocr_par' dir='ltr' id='par_1_5' title="bbox 179 1063 1176 2105">
     <span class='ocr_line' id='line_1_6' title="bbox 187 1063 1174 1150; baseline 0.007 -24"><span class='ocrx_word' id='word_1_14' title='bbox 187 1065 267 1126; x_wconf 83' lang='lat' dir='ltr'><strong>Prol.</strong></span> <span class='ocrx_word' id='word_1_15' title='bbox 282 1087 323 1126; x_wconf 83' lang='lat' dir='ltr'><strong>vs.</strong></span> <span class='ocrx_word' id='word_1_16' title='bbox 341 1063 395 1127; x_wconf 82' lang='lat'><strong>14:</strong></span> <span class='ocrx_word' id='word_1_17' title='bbox 414 1071 491 1126; x_wconf 86' lang='lat' dir='ltr'><strong>Nam</strong></span> <span class='ocrx_word' id='word_1_18' title='bbox 512 1068 568 1126; x_wconf 57' lang='lat' dir='ltr'><strong>nsit</strong></span> <span class='ocrx_word' id='word_1_19' title='bbox 588 1069 733 1143; x_wconf 73' lang='lat' dir='ltr'><strong>clamabis,</strong></span> <span class='ocrx_word' id='word_1_20' title='bbox 755 1073 873 1129; x_wconf 78' lang='lat' dir='ltr'><strong>tdcr&#39;tum</strong></span> <span class='ocrx_word' id='word_1_21' title='bbox 896 1085 925 1130; x_wconf 85' lang='lat' dir='ltr'><strong>te</strong></span> <span class='ocrx_word' id='word_1_22' title='bbox 945 1071 1060 1150; x_wconf 70' lang='lat' dir='ltr'><strong>obrepet</strong></span> <span class='ocrx_word' id='word_1_23' title='bbox 1065 1070 1174 1150; x_wconf 82' lang='lat' dir='ltr'><strong>sames.</strong></span> 
     </span>
     <span class='ocr_line' id='line_1_7' title="bbox 186 1167 1175 1254; baseline 0.007 -24"><span class='ocrx_word' id='word_1_24' title='bbox 186 1170 310 1254; x_wconf 77' lang='lat' dir='ltr'>Reliqui</span> <span class='ocrx_word' id='word_1_25' title='bbox 330 1167 403 1231; x_wconf 85' lang='lat' dir='ltr'>libri</span> <span class='ocrx_word' id='word_1_26' title='bbox 416 1169 454 1231; x_wconf 87' lang='lat' dir='ltr'><strong>ad</strong></span> <span class='ocrx_word' id='word_1_27' title='bbox 468 1193 566 1233; x_wconf 90' lang='lat' dir='ltr'><strong>unum</strong></span> <span class='ocrx_word' id='word_1_28' title='bbox 581 1193 685 1236; x_wconf 84' lang='lat' dir='ltr'><strong>omncs</strong></span> <span class='ocrx_word' id='word_1_29' title='bbox 699 1173 834 1235; x_wconf 78' lang='lat' dir='ltr'><strong>dativum</strong></span> <span class='ocrx_word' id='word_1_30' title='bbox 853 1183 892 1234; x_wconf 79' lang='lat' dir='ltr'><strong>ms·</strong></span> <span class='ocrx_word' id='word_1_31' title='bbox 909 1179 1072 1254; x_wconf 79' lang='lat' dir='ltr'><strong>tnprudenet</strong></span> <span class='ocrx_word' id='word_1_32' title='bbox 1087 1188 1175 1238; x_wconf 89' lang='lat' dir='ltr'><strong>tuen-</strong></span> 
     </span>
     <span class='ocr_line' id='line_1_8' title="bbox 182 1277 1176 1364; baseline 0.006 -26"><span class='ocrx_word' id='word_1_33' title='bbox 182 1287 247 1338; x_wconf 84' lang='lat' dir='ltr'><strong>tur.</strong></span> <span class='ocrx_word' id='word_1_34' title='bbox 278 1278 345 1338; x_wconf 87' lang='lat' dir='ltr'><strong>Jam</strong></span> <span class='ocrx_word' id='word_1_35' title='bbox 360 1277 443 1360; x_wconf 90' lang='lat' dir='ltr'><strong>quod</strong></span> <span class='ocrx_word' id='word_1_36' title='bbox 464 1277 503 1338; x_wconf 85' lang='lat' dir='ltr'><strong>ad</strong></span> <span class='ocrx_word' id='word_1_37' title='bbox 523 1299 643 1340; x_wconf 82' lang='lat' dir='ltr'><strong>sensum</strong></span> <span class='ocrx_word' id='word_1_38' title='bbox 664 1281 790 1357; x_wconf 79' lang='lat' dir='ltr'><strong>attinet,</strong></span> <span class='ocrx_word' id='word_1_39' title='bbox 810 1281 942 1359; x_wconf 81' lang='lat' dir='ltr'><strong>obrepere</strong></span> <span class='ocrx_word' id='word_1_40' title='bbox 962 1279 994 1342; x_wconf 87' lang='lat' dir='ltr'><strong>h.</strong></span> <span class='ocrx_word' id='word_1_41' title='bbox 1014 1279 1036 1342; x_wconf 89' lang='grc' dir='ltr'><strong>Ι.</strong></span> <span class='ocrx_word' id='word_1_42' title='bbox 1060 1279 1176 1364; x_wconf 74' lang='lat' dir='ltr'><strong>signifi·</strong></span> 
     </span>
     <span class='ocr_line' id='line_1_9' title="bbox 186 1381 1173 1467; baseline 0.006 -25"><span class='ocrx_word' id='word_1_43' title='bbox 186 1401 253 1442; x_wconf 87' lang='lat' dir='ltr'><strong>care</strong></span> <span class='ocrx_word' id='word_1_44' title='bbox 273 1382 392 1444; x_wconf 77' lang='lat' dir='ltr'><strong>ridetur</strong></span> <span class='ocrx_word' id='word_1_45' title='bbox 406 1381 522 1462; x_wconf 75' lang='lat' dir='ltr'><strong>saliere,</strong></span> <span class='ocrx_word' id='word_1_46' title='bbox 535 1385 727 1458; x_wconf 71' lang='lat' dir='ltr'><strong>subitumve,</strong></span> <span class='ocrx_word' id='word_1_47' title='bbox 740 1395 775 1445; x_wconf 90' lang='lat' dir='ltr'><strong>ut</strong></span> <span class='ocrx_word' id='word_1_48' title='bbox 787 1383 847 1444; x_wconf 89' lang='lat' dir='ltr'><strong>hoo</strong></span> <span class='ocrx_word' id='word_1_49' title='bbox 860 1385 942 1446; x_wconf 89' lang='lat' dir='ltr'><strong>dicat</strong></span> <span class='ocrx_word' id='word_1_50' title='bbox 956 1385 1173 1467; x_wconf 72' lang='lat' dir='ltr'><strong>Megaronides:</strong></span> 
     </span>
     <span class='ocr_line' id='line_1_10' title="bbox 186 1489 1175 1573; baseline 0.007 -25"><span class='ocrx_word' id='word_1_51' title='bbox 186 1507 338 1560; x_wconf 69' lang='lat' dir='ltr'><strong>mveras,</strong></span> <span class='ocrx_word' id='word_1_52' title='bbox 360 1499 388 1548; x_wconf 91' lang='lat' dir='ltr'><strong>te</strong></span> <span class='ocrx_word' id='word_1_53' title='bbox 408 1509 427 1549; x_wconf 84' lang='lat' dir='ltr'><strong>a</strong></span> <span class='ocrx_word' id='word_1_54' title='bbox 447 1509 496 1549; x_wconf 80' lang='lat' dir='ltr'><strong>nse</strong></span> <span class='ocrx_word' id='word_1_55' title='bbox 516 1509 581 1550; x_wconf 92' lang='lat' dir='ltr'><strong>non</strong></span> <span class='ocrx_word' id='word_1_56' title='bbox 601 1489 762 1573; x_wconf 84' lang='lat' dir='ltr'><strong>deceptum</strong></span> <span class='ocrx_word' id='word_1_57' title='bbox 783 1489 839 1569; x_wconf 80' lang='lat' dir='ltr'><strong>iri3</strong></span> <span class='ocrx_word' id='word_1_58' title='bbox 861 1490 912 1551; x_wconf 80' lang='lat' dir='ltr'><strong>cod</strong></span> <span class='ocrx_word' id='word_1_59' title='bbox 932 1501 967 1552; x_wconf 87' lang='lat' dir='ltr'><strong>tu</strong></span> <span class='ocrx_word' id='word_1_60' title='bbox 987 1513 1034 1554; x_wconf 85' lang='lat' dir='ltr'><strong>me</strong></span> <span class='ocrx_word' id='word_1_61' title='bbox 1054 1492 1175 1555; x_wconf 83' lang='lat' dir='ltr'><strong>sortasse</strong></span> 
     </span>
     <span class='ocr_line' id='line_1_11' title="bbox 185 1597 1172 1682; baseline 0.002 -23"><span class='ocrx_word' id='word_1_62' title='bbox 185 1597 418 1680; x_wconf 84' lang='lat' dir='ltr'><strong>necopinantem</strong></span> <span class='ocrx_word' id='word_1_63' title='bbox 439 1597 578 1681; x_wconf 82' lang='lat' dir='ltr'><strong>decipiet.</strong></span> <span class='ocrx_word' id='word_1_64' title='bbox 609 1598 821 1682; x_wconf 78' lang='lat' dir='ltr'><strong>Exquisitiorie</strong></span> <span class='ocrx_word' id='word_1_65' title='bbox 841 1597 1073 1682; x_wconf 82' lang='lat' dir='ltr'><strong>significationis</strong></span> <span class='ocrx_word' id='word_1_66' title='bbox 1092 1600 1172 1663; x_wconf 88' lang='lat' dir='ltr'><strong>verbi</strong></span> 
     </span>
     <span class='ocr_line' id='line_1_12' title="bbox 179 1703 1173 1790; baseline 0.004 -26"><span class='ocrx_word' id='word_1_67' title='bbox 179 1703 264 1781; x_wconf 72' lang='lat' dir='ltr'><strong>saco,</strong></span> <span class='ocrx_word' id='word_1_68' title='bbox 286 1705 321 1764; x_wconf 92' lang='lat' dir='ltr'><strong>in</strong></span> <span class='ocrx_word' id='word_1_69' title='bbox 341 1725 425 1766; x_wconf 80' lang='lat' dir='ltr'><strong>versu</strong></span> <span class='ocrx_word' id='word_1_70' title='bbox 444 1704 643 1790; x_wconf 83' lang='lat' dir='ltr'><strong>praecedenti,</strong></span> <span class='ocrx_word' id='word_1_71' title='bbox 660 1705 742 1789; x_wconf 86' lang='lat' dir='ltr'><strong>quod</strong></span> <span class='ocrx_word' id='word_1_72' title='bbox 757 1703 810 1766; x_wconf 87' lang='lat' dir='ltr'><strong>hic</strong></span> <span class='ocrx_word' id='word_1_73' title='bbox 822 1726 954 1790; x_wconf 81' lang='lat' dir='ltr'><strong>exponas</strong></span> <span class='ocrx_word' id='word_1_74' title='bbox 967 1707 1047 1780; x_wconf 83' lang='lat' dir='ltr'><strong>licet,</strong></span> <span class='ocrx_word' id='word_1_75' title='bbox 1064 1714 1173 1782; x_wconf 82' lang='lat' dir='ltr'><strong>affirmo</strong></span> 
     </span>
     <span class='ocr_line' id='line_1_13' title="bbox 185 1808 1173 1896; baseline 0.005 -27"><span class='ocrx_word' id='word_1_76' title='bbox 185 1809 248 1880; x_wconf 74' lang='lat' dir='ltr'><strong>tibi,</strong></span> <span class='ocrx_word' id='word_1_77' title='bbox 267 1813 458 1884; x_wconf 72' lang='lat' dir='ltr'><strong>mihicrede,</strong></span> <span class='ocrx_word' id='word_1_78' title='bbox 476 1811 614 1895; x_wconf 82' lang='lat' dir='ltr'><strong>exempla</strong></span> <span class='ocrx_word' id='word_1_79' title='bbox 634 1808 721 1872; x_wconf 74' lang='lat' dir='ltr'><strong>dabit</strong></span> <span class='ocrx_word' id='word_1_80' title='bbox 740 1811 844 1872; x_wconf 79' lang='lat' dir='ltr'><strong>index.</strong></span> <span class='ocrx_word' id='word_1_81' title='bbox 876 1811 993 1888; x_wconf 85' lang='lat' dir='ltr'><strong>Restat,</strong></span> <span class='ocrx_word' id='word_1_82' title='bbox 1015 1823 1050 1872; x_wconf 91' lang='lat' dir='ltr'><strong>ut</strong></span> <span class='ocrx_word' id='word_1_83' title='bbox 1069 1813 1173 1896; x_wconf 83' lang='lat' dir='ltr'><strong>paucis</strong></span> 
     </span>
     <span class='ocr_line' id='line_1_14' title="bbox 184 1911 1170 2001; baseline 0.004 -25"><span class='ocrx_word' id='word_1_84' title='bbox 184 1911 284 1976; x_wconf 85' lang='lat' dir='ltr'><strong>dicam</strong></span> <span class='ocrx_word' id='word_1_85' title='bbox 302 1915 341 1976; x_wconf 89' lang='lat' dir='ltr'><strong>de</strong></span> <span class='ocrx_word' id='word_1_86' title='bbox 359 1915 487 1978; x_wconf 84' lang='lat' dir='ltr'><strong>lacunae</strong></span> <span class='ocrx_word' id='word_1_87' title='bbox 507 1917 607 1999; x_wconf 80' lang='lat' dir='ltr'><strong>signo,</strong></span> <span class='ocrx_word' id='word_1_88' title='bbox 629 1917 711 2000; x_wconf 90' lang='lat' dir='ltr'><strong>quod</strong></span> <span class='ocrx_word' id='word_1_89' title='bbox 731 1915 806 1978; x_wconf 88' lang='lat' dir='ltr'><strong>huic</strong></span> <span class='ocrx_word' id='word_1_90' title='bbox 825 1917 922 1978; x_wconf 85' lang='lat' dir='ltr'><strong>versui</strong></span> <span class='ocrx_word' id='word_1_91' title='bbox 944 1915 1074 2001; x_wconf 71' lang='lat' dir='ltr'><strong>subjeci,</strong></span> <span class='ocrx_word' id='word_1_92' title='bbox 1096 1939 1170 1980; x_wconf 82' lang='lat' dir='ltr'><strong>narn</strong></span> 
     </span>
     <span class='ocr_line' id='line_1_15' title="bbox 184 2019 900 2105; baseline 0 -25"><span class='ocrx_word' id='word_1_93' title='bbox 184 2021 238 2105; x_wconf 83' lang='lat' dir='ltr'><strong>qui</strong></span> <span class='ocrx_word' id='word_1_94' title='bbox 259 2019 312 2081; x_wconf 88' lang='lat' dir='ltr'><strong>hic</strong></span> <span class='ocrx_word' id='word_1_95' title='bbox 331 2021 366 2081; x_wconf 91' lang='lat' dir='ltr'><strong>in</strong></span> <span class='ocrx_word' id='word_1_96' title='bbox 386 2021 474 2082; x_wconf 85' lang='lat' dir='ltr'><strong>libris</strong></span> <span class='ocrx_word' id='word_1_97' title='bbox 494 2020 636 2083; x_wconf 83' lang='lat' dir='ltr'><strong>omnibus</strong></span> <span class='ocrx_word' id='word_1_98' title='bbox 657 2021 769 2104; x_wconf 76' lang='lat' dir='ltr'><strong>legitur</strong></span> <span class='ocrx_word' id='word_1_99' title='bbox 788 2041 900 2082; x_wconf 80' lang='lat' dir='ltr'><strong>versus:</strong></span> 
     </span>
    </p>

    <p class='ocr_par' dir='ltr' id='par_1_6' title="bbox 183 2129 1174 3380">
     <span class='ocr_line' id='line_1_16' title="bbox 265 2129 1081 2210; baseline 0.002 -20"><span class='ocrx_word' id='word_1_100' title='bbox 265 2133 313 2190; x_wconf 87' lang='lat' dir='ltr'><strong>Ne</strong></span> <span class='ocrx_word' id='word_1_101' title='bbox 330 2145 362 2188; x_wconf 81' lang='lat' dir='ltr'><strong>tu</strong></span> <span class='ocrx_word' id='word_1_102' title='bbox 382 2131 476 2189; x_wconf 71' lang='lat' dir='ltr'><strong>hercle</strong></span> <span class='ocrx_word' id='word_1_103' title='bbox 490 2129 566 2208; x_wconf 70' lang='lat' dir='ltr'><strong>saxo</strong></span> <span class='ocrx_word' id='word_1_104' title='bbox 586 2131 658 2190; x_wconf 73' lang='grc' dir='ltr'><em>Ιιαάτ</em></span> <span class='ocrx_word' id='word_1_105' title='bbox 677 2140 769 2202; x_wconf 81' lang='lat' dir='ltr'><strong>ectus,</strong></span> <span class='ocrx_word' id='word_1_106' title='bbox 791 2151 877 2208; x_wconf 80' lang='lat' dir='ltr'><strong>quam</strong></span> <span class='ocrx_word' id='word_1_107' title='bbox 900 2151 957 2190; x_wconf 76' lang='lat' dir='ltr'><strong>rem</strong></span> <span class='ocrx_word' id='word_1_108' title='bbox 978 2135 1081 2210; x_wconf 70' lang='lat' dir='ltr'><strong>egeris,</strong></span> 
     </span>
     <span class='ocr_line' id='line_1_17' title="bbox 184 2235 1174 2318; baseline 0.004 -23"><span class='ocrx_word' id='word_1_109' title='bbox 184 2235 299 2318; x_wconf 88' lang='lat' dir='ltr'><strong>quique</strong></span> <span class='ocrx_word' id='word_1_110' title='bbox 318 2235 398 2318; x_wconf 87' lang='lat' dir='ltr'><strong>apud</strong></span> <span class='ocrx_word' id='word_1_111' title='bbox 421 2257 470 2298; x_wconf 87' lang='lat' dir='ltr'><strong>me</strong></span> <span class='ocrx_word' id='word_1_112' title='bbox 492 2248 536 2298; x_wconf 85' lang='lat' dir='ltr'><strong>est</strong></span> <span class='ocrx_word' id='word_1_113' title='bbox 556 2237 615 2310; x_wconf 83' lang='lat'><strong>64,</strong></span> <span class='ocrx_word' id='word_1_114' title='bbox 635 2239 663 2298; x_wconf 89' lang='lat' dir='ltr'><strong>ei</strong></span> <span class='ocrx_word' id='word_1_115' title='bbox 683 2237 847 2299; x_wconf 81' lang='lat' dir='ltr'><strong>necessario</strong></span> <span class='ocrx_word' id='word_1_116' title='bbox 864 2237 949 2298; x_wconf 90' lang='lat' dir='ltr'><strong>locus</strong></span> <span class='ocrx_word' id='word_1_117' title='bbox 968 2237 1088 2298; x_wconf 80' lang='lat' dir='ltr'><strong>dandus</strong></span> <span class='ocrx_word' id='word_1_118' title='bbox 1110 2247 1174 2299; x_wconf 88' lang='lat' dir='ltr'><strong>erat</strong></span> 
     </span>
     <span class='ocr_line' id='line_1_18' title="bbox 184 2341 1173 2428; baseline 0.002 -26"><span class='ocrx_word' id='word_1_119' title='bbox 184 2352 251 2425; x_wconf 83' lang='lat' dir='ltr'><strong>post</strong></span> <span class='ocrx_word' id='word_1_120' title='bbox 268 2363 383 2403; x_wconf 82' lang='lat' dir='ltr'><strong>versum</strong></span> <span class='ocrx_word' id='word_1_121' title='bbox 405 2341 444 2404; x_wconf 81' lang='lat'><strong>63</strong></span> <span class='ocrx_word' id='word_1_122' title='bbox 471 2347 548 2403; x_wconf 86' lang='lat' dir='ltr'><strong>Nam</strong></span> <span class='ocrx_word' id='word_1_123' title='bbox 569 2367 622 2424; x_wconf 83' lang='lat' dir='ltr'><strong>ego</strong></span> <span class='ocrx_word' id='word_1_124' title='bbox 640 2367 714 2403; x_wconf 84' lang='lat' dir='ltr'><strong>nunc</strong></span> <span class='ocrx_word' id='word_1_125' title='bbox 726 2353 792 2416; x_wconf 86' lang='lat' dir='ltr'><strong>etc,</strong></span> <span class='ocrx_word' id='word_1_126' title='bbox 813 2355 848 2404; x_wconf 89' lang='lat' dir='ltr'><strong>ut</strong></span> <span class='ocrx_word' id='word_1_127' title='bbox 864 2343 1022 2406; x_wconf 80' lang='lat' dir='ltr'><strong>manifesto</strong></span> <span class='ocrx_word' id='word_1_128' title='bbox 1031 2343 1173 2428; x_wconf 75' lang='lat' dir='ltr'><strong>apparuit</strong></span> 
     </span>
     <span class='ocr_line' id='line_1_19' title="bbox 184 2447 1173 2526; baseline 0.005 -19"><span class='ocrx_word' id='word_1_129' title='bbox 184 2447 512 2510; x_wconf 75' lang='lat' dir='ltr'><strong>excodicieAlsctione</strong></span> <span class='ocrx_word' id='word_1_130' title='bbox 520 2452 716 2512; x_wconf 67' lang='lat' dir='ltr'><strong>tentassem.</strong></span> <span class='ocrx_word' id='word_1_131' title='bbox 726 2449 986 2526; x_wconf 79' lang='lat' dir='ltr'><strong>Quemadmodum</strong></span> <span class='ocrx_word' id='word_1_132' title='bbox 995 2449 1173 2514; x_wconf 67' lang='lat' dir='ltr'><strong>animnos</strong></span> 
     </span>
     <span class='ocr_line' id='line_1_20' title="bbox 185 2551 1172 2642; baseline 0.002 -26"><span class='ocrx_word' id='word_1_133' title='bbox 185 2563 214 2616; x_wconf 89' lang='lat' dir='ltr'><strong>et</strong></span> <span class='ocrx_word' id='word_1_134' title='bbox 222 2553 264 2615; x_wconf 77' lang='lat'><strong>6³</strong></span> <span class='ocrx_word' id='word_1_135' title='bbox 274 2551 371 2616; x_wconf 77' lang='lat' dir='ltr'><strong>verbis</strong></span> <span class='ocrx_word' id='word_1_136' title='bbox 386 2551 443 2616; x_wconf 86' lang='lat' dir='ltr'><strong>sibi</strong></span> <span class='ocrx_word' id='word_1_137' title='bbox 455 2555 599 2639; x_wconf 84' lang='lat' dir='ltr'><strong>oppositis</strong></span> <span class='ocrx_word' id='word_1_138' title='bbox 612 2571 679 2616; x_wconf 85' lang='lat' dir='ltr'><strong>noto</strong></span> <span class='ocrx_word' id='word_1_139' title='bbox 690 2567 721 2618; x_wconf 85' lang='lat' dir='ltr'><strong>et</strong></span> <span class='ocrx_word' id='word_1_140' title='bbox 729 2567 856 2635; x_wconf 72' lang='lat' dir='ltr'><strong>ignotam</strong></span> <span class='ocrx_word' id='word_1_141' title='bbox 866 2559 953 2642; x_wconf 79' lang='lat' dir='ltr'><strong>quasi</strong></span> <span class='ocrx_word' id='word_1_142' title='bbox 966 2557 1172 2641; x_wconf 75' lang='lat' dir='ltr'><strong>conglutinati</strong></span> 
     </span>
     <span class='ocr_line' id='line_1_21' title="bbox 183 2659 1172 2747; baseline 0.004 -29"><span class='ocrx_word' id='word_1_143' title='bbox 183 2671 272 2736; x_wconf 82' lang='lat' dir='ltr'><strong>suut,</strong></span> <span class='ocrx_word' id='word_1_144' title='bbox 291 2660 336 2721; x_wconf 83' lang='lat' dir='ltr'><strong>ita</strong></span> <span class='ocrx_word' id='word_1_145' title='bbox 352 2659 405 2722; x_wconf 85' lang='lat' dir='ltr'><strong>hic</strong></span> <span class='ocrx_word' id='word_1_146' title='bbox 419 2682 519 2722; x_wconf 75' lang='lat' dir='ltr'><strong>runos</strong></span> <span class='ocrx_word' id='word_1_147' title='bbox 537 2683 607 2722; x_wconf 90' lang='lat' dir='ltr'><strong>cum</strong></span> <span class='ocrx_word' id='word_1_148' title='bbox 617 2664 753 2746; x_wconf 73' lang='lat' dir='ltr'><strong>sequenti</strong></span> <span class='ocrx_word' id='word_1_149' title='bbox 764 2683 818 2724; x_wconf 90' lang='lat' dir='ltr'><strong>suo</strong></span> <span class='ocrx_word' id='word_1_150' title='bbox 835 2683 890 2747; x_wconf 85' lang='lat' dir='ltr'><strong>per</strong></span> <span class='ocrx_word' id='word_1_151' title='bbox 902 2661 989 2724; x_wconf 81' lang='lat' dir='ltr'><strong>verba</strong></span> <span class='ocrx_word' id='word_1_152' title='bbox 1004 2666 1172 2741; x_wconf 77' lang='lat' dir='ltr'><strong>quidagam</strong></span> 
     </span>
     <span class='ocr_line' id='line_1_22' title="bbox 184 2763 1171 2851; baseline 0.001 -27"><span class='ocrx_word' id='word_1_153' title='bbox 184 2775 323 2838; x_wconf 75' lang='lat' dir='ltr'><strong>nesciam,</strong></span> <span class='ocrx_word' id='word_1_154' title='bbox 345 2763 457 2849; x_wconf 83' lang='lat' dir='ltr'><strong>quibus</strong></span> <span class='ocrx_word' id='word_1_155' title='bbox 477 2767 659 2851; x_wconf 86' lang='lat' dir='ltr'><strong>respondent</strong></span> <span class='ocrx_word' id='word_1_156' title='bbox 672 2766 748 2843; x_wconf 69' lang='lat' dir='ltr'><strong>sono</strong></span> <span class='ocrx_word' id='word_1_157' title='bbox 771 2769 843 2827; x_wconf 76' lang='lat' dir='ltr'><strong>quat</strong></span> <span class='ocrx_word' id='word_1_158' title='bbox 862 2779 988 2838; x_wconf 71' lang='lat' dir='ltr'><strong>nescios,</strong></span> <span class='ocrx_word' id='word_1_159' title='bbox 1010 2788 1096 2846; x_wconf 79' lang='lat' dir='ltr'><strong>quom</strong></span> <span class='ocrx_word' id='word_1_160' title='bbox 1113 2785 1171 2825; x_wconf 82' lang='lat' dir='ltr'><strong>rem</strong></span> 
     </span>
     <span class='ocr_line' id='line_1_23' title="bbox 184 2870 1172 2949; baseline 0.003 -19"><span class='ocrx_word' id='word_1_161' title='bbox 184 2878 285 2948; x_wconf 73' lang='lat' dir='ltr'><strong>egeris,</strong></span> <span class='ocrx_word' id='word_1_162' title='bbox 313 2873 476 2934; x_wconf 77' lang='lat' dir='ltr'><strong>arctissimo</strong></span> <span class='ocrx_word' id='word_1_163' title='bbox 503 2873 628 2933; x_wconf 82' lang='lat' dir='ltr'><strong>vinculo</strong></span> <span class='ocrx_word' id='word_1_164' title='bbox 656 2870 831 2949; x_wconf 82' lang='lat' dir='ltr'><strong>cohaerent,</strong></span> <span class='ocrx_word' id='word_1_165' title='bbox 857 2883 893 2932; x_wconf 90' lang='lat' dir='ltr'><strong>ut</strong></span> <span class='ocrx_word' id='word_1_166' title='bbox 918 2871 1036 2932; x_wconf 78' lang='lat' dir='ltr'><strong>facinus</strong></span> <span class='ocrx_word' id='word_1_167' title='bbox 1059 2873 1098 2932; x_wconf 82' lang='lat' dir='ltr'><strong>sit</strong></span> <span class='ocrx_word' id='word_1_168' title='bbox 1123 2891 1172 2933; x_wconf 86' lang='lat' dir='ltr'><strong>eos</strong></span> 
     </span>
     <span class='ocr_line' id='line_1_24' title="bbox 184 2975 1172 3062; baseline 0.002 -24"><span class='ocrx_word' id='word_1_169' title='bbox 184 2977 335 3040; x_wconf 80' lang='lat' dir='ltr'><strong>divellere.</strong></span> <span class='ocrx_word' id='word_1_170' title='bbox 366 2977 479 3055; x_wconf 79' lang='lat' dir='ltr'><strong>Quodsi</strong></span> <span class='ocrx_word' id='word_1_171' title='bbox 501 2977 554 3039; x_wconf 87' lang='lat' dir='ltr'><strong>hic</strong></span> <span class='ocrx_word' id='word_1_172' title='bbox 573 2975 734 3038; x_wconf 74' lang='lat' dir='ltr'><strong>subsistens</strong></span> <span class='ocrx_word' id='word_1_173' title='bbox 755 2977 941 3062; x_wconf 84' lang='lat' dir='ltr'><strong>reliquorum</strong></span> <span class='ocrx_word' id='word_1_174' title='bbox 955 2979 1092 3040; x_wconf 80' lang='lat' dir='ltr'><strong>ordinem</strong></span> <span class='ocrx_word' id='word_1_175' title='bbox 1106 2981 1172 3040; x_wconf 54' lang='lat' dir='ltr'><strong>reri</strong></span> 
     </span>
     <span class='ocr_line' id='line_1_25' title="bbox 184 3083 1172 3168; baseline 0.001 -23"><span class='ocrx_word' id='word_1_176' title='bbox 184 3105 272 3146; x_wconf 83' lang='lat' dir='ltr'><strong>suom</strong></span> <span class='ocrx_word' id='word_1_177' title='bbox 292 3107 357 3145; x_wconf 83' lang='lat' dir='ltr'><strong>non</strong></span> <span class='ocrx_word' id='word_1_178' title='bbox 377 3085 636 3162; x_wconf 79' lang='lat' dir='ltr'><strong>sollicitar,nimis</strong></span> <span class='ocrx_word' id='word_1_179' title='bbox 651 3083 1068 3168; x_wconf 75' lang='lat' dir='ltr'><strong>abruptaeuutilegaronidis</strong></span> <span class='ocrx_word' id='word_1_180' title='bbox 1082 3083 1172 3146; x_wconf 81' lang='lat' dir='ltr'><strong>verba</strong></span> 
     </span>
     <span class='ocr_line' id='line_1_26' title="bbox 184 3189 1171 3276; baseline 0 -25"><span class='ocrx_word' id='word_1_181' title='bbox 184 3191 218 3251; x_wconf 88' lang='lat' dir='ltr'><strong>iu</strong></span> <span class='ocrx_word' id='word_1_182' title='bbox 239 3211 325 3252; x_wconf 85' lang='lat' dir='ltr'><strong>versu</strong></span> <span class='ocrx_word' id='word_1_183' title='bbox 344 3189 395 3263; x_wconf 81' lang='lat'><strong>62,</strong></span> <span class='ocrx_word' id='word_1_184' title='bbox 414 3213 491 3276; x_wconf 84' lang='lat' dir='ltr'><strong>quae</strong></span> <span class='ocrx_word' id='word_1_185' title='bbox 512 3191 604 3274; x_wconf 82' lang='lat' dir='ltr'><strong>paulo</strong></span> <span class='ocrx_word' id='word_1_186' title='bbox 624 3190 733 3252; x_wconf 82' lang='lat' dir='ltr'><strong>melius</strong></span> <span class='ocrx_word' id='word_1_187' title='bbox 754 3211 784 3250; x_wconf 83' lang='lat' dir='ltr'><strong>ee</strong></span> <span class='ocrx_word' id='word_1_188' title='bbox 805 3189 976 3264; x_wconf 84' lang='lat' dir='ltr'><strong>habebunt,</strong></span> <span class='ocrx_word' id='word_1_189' title='bbox 990 3193 1101 3253; x_wconf 77' lang='lat' dir='ltr'><strong>inserto</strong></span> <span class='ocrx_word' id='word_1_190' title='bbox 1114 3189 1171 3252; x_wconf 81' lang='lat' dir='ltr'><strong>sub</strong></span> 
     </span>
     <span class='ocr_line' id='line_1_27' title="bbox 186 3295 873 3380; baseline -0.003 -23"><span class='ocrx_word' id='word_1_191' title='bbox 186 3295 318 3357; x_wconf 81' lang='lat' dir='ltr'><strong>Calliclis</strong></span> <span class='ocrx_word' id='word_1_192' title='bbox 339 3318 465 3379; x_wconf 73' lang='lat' dir='ltr'><strong>persona</strong></span> <span class='ocrx_word' id='word_1_193' title='bbox 486 3295 693 3380; x_wconf 83' lang='lat' dir='ltr'><strong>hujuscemodi</strong></span> <span class='ocrx_word' id='word_1_194' title='bbox 713 3295 873 3357; x_wconf 79' lang='lat' dir='ltr'><strong>versiculo:</strong></span> 
     </span>
    </p>

    <p class='ocr_par' dir='ltr' id='par_1_7' title="bbox 183 3401 1171 3800">
     <span class='ocr_line' id='line_1_28' title="bbox 268 3401 1056 3481; baseline 0.001 -21"><span class='ocrx_word' id='word_1_195' title='bbox 268 3407 344 3478; x_wconf 80' lang='lat' dir='ltr'><strong>Quin</strong></span> <span class='ocrx_word' id='word_1_196' title='bbox 364 3403 397 3462; x_wconf 78' lang='lat' dir='ltr'><strong>tri</strong></span> <span class='ocrx_word' id='word_1_197' title='bbox 412 3401 590 3481; x_wconf 79' lang='lat' dir='ltr'><strong>conquestu’e</strong></span> <span class='ocrx_word' id='word_1_198' title='bbox 607 3403 714 3461; x_wconf 63' lang='lat' dir='ltr'><strong>atnam</strong></span> <span class='ocrx_word' id='word_1_199' title='bbox 727 3445 735 3473; x_wconf 93' lang='lat'><strong>,</strong></span> <span class='ocrx_word' id='word_1_200' title='bbox 750 3423 810 3462; x_wconf 83' lang='lat' dir='ltr'><strong>esse</strong></span> <span class='ocrx_word' id='word_1_201' title='bbox 826 3403 889 3460; x_wconf 83' lang='lat' dir='ltr'><strong>odto</strong></span> <span class='ocrx_word' id='word_1_202' title='bbox 899 3405 979 3459; x_wconf 75' lang='lat' dir='ltr'><strong>sudas</strong></span> <span class='ocrx_word' id='word_1_203' title='bbox 994 3401 1056 3461; x_wconf 74' lang='lat' dir='ltr'><strong>aba</strong></span> 
     </span>
     <span class='ocr_line' id='line_1_29' title="bbox 184 3505 1171 3592; baseline -0.002 -26"><span class='ocrx_word' id='word_1_204' title='bbox 184 3506 260 3566; x_wconf 85' lang='lat' dir='ltr'><strong>Cum</strong></span> <span class='ocrx_word' id='word_1_205' title='bbox 286 3511 389 3568; x_wconf 87' lang='lat' dir='ltr'><strong>tamen</strong></span> <span class='ocrx_word' id='word_1_206' title='bbox 415 3527 454 3568; x_wconf 88' lang='lat' dir='ltr'><strong>ne</strong></span> <span class='ocrx_word' id='word_1_207' title='bbox 478 3509 522 3570; x_wconf 87' lang='lat' dir='ltr'><strong>sio</strong></span> <span class='ocrx_word' id='word_1_208' title='bbox 546 3509 670 3592; x_wconf 87' lang='lat' dir='ltr'><strong>quidem</strong></span> <span class='ocrx_word' id='word_1_209' title='bbox 700 3509 803 3570; x_wconf 81' lang='lat' dir='ltr'><strong>omnia</strong></span> <span class='ocrx_word' id='word_1_210' title='bbox 830 3507 903 3568; x_wconf 83' lang='lat' dir='ltr'><strong>setis</strong></span> <span class='ocrx_word' id='word_1_211' title='bbox 922 3505 1171 3580; x_wconf 71' lang='lat' dir='ltr'><strong>concinnarint,</strong></span> 
     </span>
     <span class='ocr_line' id='line_1_30' title="bbox 183 3609 1171 3698; baseline -0.002 -24"><span class='ocrx_word' id='word_1_212' title='bbox 183 3611 251 3674; x_wconf 77' lang='lat' dir='ltr'><strong>vide</strong></span> <span class='ocrx_word' id='word_1_213' title='bbox 266 3633 308 3674; x_wconf 86' lang='lat' dir='ltr'><strong>an</strong></span> <span class='ocrx_word' id='word_1_214' title='bbox 323 3613 416 3696; x_wconf 90' lang='lat' dir='ltr'><strong>paulo</strong></span> <span class='ocrx_word' id='word_1_215' title='bbox 434 3613 578 3675; x_wconf 62' lang='lat' dir='ltr'><strong>numios</strong></span> <span class='ocrx_word' id='word_1_216' title='bbox 590 3611 728 3676; x_wconf 82' lang='lat' dir='ltr'><strong>adhibito</strong></span> <span class='ocrx_word' id='word_1_217' title='bbox 745 3613 961 3698; x_wconf 81' lang='lat' dir='ltr'><strong>transponendi</strong></span> <span class='ocrx_word' id='word_1_218' title='bbox 980 3609 1111 3672; x_wconf 79' lang='lat' dir='ltr'><strong>remedio</strong></span> <span class='ocrx_word' id='word_1_219' title='bbox 1127 3611 1171 3672; x_wconf 79' lang='lat' dir='ltr'><strong>sio</strong></span> 
     </span>
     <span class='ocr_line' id='line_1_31' title="bbox 184 3717 410 3800; baseline -0.004 -20"><span class='ocrx_word' id='word_1_220' title='bbox 184 3717 283 3800; x_wconf 70' lang='lat' dir='ltr'><strong>legere</strong></span> <span class='ocrx_word' id='word_1_221' title='bbox 303 3718 410 3780; x_wconf 82' lang='lat' dir='ltr'><strong>liceat:</strong></span> 
     </span>
    </p>

    <p class='ocr_par' dir='ltr' id='par_1_8' title="bbox 268 3823 1131 3906">
     <span class='ocr_line' id='line_1_32' title="bbox 268 3823 1131 3906; baseline -0.001 -19"><span class='ocrx_word' id='word_1_222' title='bbox 268 3847 341 3887; x_wconf 75' lang='lat' dir='ltr'><strong>ctat„</strong></span> <span class='ocrx_word' id='word_1_223' title='bbox 355 3831 384 3884; x_wconf 85' lang='lat' dir='ltr'><em>V</em></span> <span class='ocrx_word' id='word_1_224' title='bbox 383 3833 422 3886; x_wconf 68' lang='grc' dir='ltr'><strong>ἐπ’</strong></span> <span class='ocrx_word' id='word_1_225' title='bbox 435 3825 660 3887; x_wconf 68' lang='lat' dir='ltr'><strong>commutemus?</strong></span> <span class='ocrx_word' id='word_1_226' title='bbox 673 3826 751 3886; x_wconf 74' lang='lat' dir='ltr'><strong>triam</strong></span> <span class='ocrx_word' id='word_1_227' title='bbox 757 3849 811 3906; x_wconf 82' lang='lat' dir='ltr'><strong>ego</strong></span> <span class='ocrx_word' id='word_1_228' title='bbox 820 3829 921 3885; x_wconf 60' lang='lat' dir='ltr'><strong>Quam</strong></span> <span class='ocrx_word' id='word_1_229' title='bbox 932 3837 962 3882; x_wconf 86' lang='lat' dir='ltr'><strong>et</strong></span> <span class='ocrx_word' id='word_1_230' title='bbox 969 3823 1002 3882; x_wconf 70' lang='lat' dir='ltr'><strong>tri</strong></span> <span class='ocrx_word' id='word_1_231' title='bbox 1011 3843 1102 3883; x_wconf 80' lang='lat' dir='ltr'><strong>meam</strong></span> <span class='ocrx_word' id='word_1_232' title='bbox 1113 3829 1131 3886; x_wconf 70' lang='grc' dir='ltr'><em>Ρ</em></span> 
     </span>
    </p>

    <p class='ocr_par' dir='ltr' id='par_1_9' title="bbox 267 3933 1067 4010">
     <span class='ocr_line' id='line_1_33' title="bbox 267 3933 1067 4010; baseline -0.003 -19"><span class='ocrx_word' id='word_1_233' title='bbox 267 3951 331 3992; x_wconf 79' lang='lat' dir='ltr'><strong>no.</strong></span> <span class='ocrx_word' id='word_1_234' title='bbox 351 3933 475 4005; x_wconf 73' lang='lat' dir='ltr'><strong>Habetis,</strong></span> <span class='ocrx_word' id='word_1_235' title='bbox 486 3949 518 3992; x_wconf 88' lang='lat' dir='ltr'><strong>ut</strong></span> <span class='ocrx_word' id='word_1_236' title='bbox 525 3933 666 4010; x_wconf 78' lang='lat' dir='ltr'><strong>umectu’r,</strong></span> <span class='ocrx_word' id='word_1_237' title='bbox 677 3937 747 3990; x_wconf 77' lang='lat' dir='ltr'><strong>nota</strong></span> <span class='ocrx_word' id='word_1_238' title='bbox 757 3935 833 3990; x_wconf 85' lang='lat' dir='ltr'><strong>molo</strong></span> <span class='ocrx_word' id='word_1_239' title='bbox 840 3951 885 3990; x_wconf 81' lang='lat' dir='ltr'><strong>ree</strong></span> <span class='ocrx_word' id='word_1_240' title='bbox 892 3933 1012 4008; x_wconf 72' lang='lat' dir='ltr'><strong>optuma</strong></span> <span class='ocrx_word' id='word_1_241' title='bbox 1021 3933 1067 3989; x_wconf 65' lang='grc' dir='ltr'><strong>ἐι.</strong></span> 
     </span>
    </p>

    <p class='ocr_par' dir='ltr' id='par_1_10' title="bbox 270 4037 1170 4222">
     <span class='ocr_line' id='line_1_34' title="bbox 338 4037 1170 4117; baseline -0.001 -20"><span class='ocrx_word' id='word_1_242' title='bbox 338 4039 730 4117; x_wconf 67' lang='grc' dir='ltr'><strong>-Ναπιοςσπιὶπεείἰςωιαω</strong></span> <span class='ocrx_word' id='word_1_243' title='bbox 738 4037 1170 4116; x_wconf 64' lang='grc' dir='ltr'><strong>οάρίαιη,ᾳιιὲᾰαςαητηόεοίαπι.</strong></span> 
     </span>
     <span class='ocr_line' id='line_1_35' title="bbox 270 4143 1109 4222; baseline -0.001 -19"><span class='ocrx_word' id='word_1_244' title='bbox 270 4163 342 4204; x_wconf 78' lang='lat' dir='ltr'><strong>ctu.</strong></span> <span class='ocrx_word' id='word_1_245' title='bbox 355 4149 400 4206; x_wconf 85' lang='lat' dir='ltr'><strong>Ne</strong></span> <span class='ocrx_word' id='word_1_246' title='bbox 409 4159 441 4204; x_wconf 89' lang='lat' dir='ltr'><strong>tu</strong></span> <span class='ocrx_word' id='word_1_247' title='bbox 450 4143 621 4222; x_wconf 66' lang='lat' dir='ltr'><strong>Mrelesaao</strong></span> <span class='ocrx_word' id='word_1_248' title='bbox 630 4147 700 4205; x_wconf 67' lang='lat' dir='ltr'><strong>horu</strong></span> <span class='ocrx_word' id='word_1_249' title='bbox 711 4149 829 4216; x_wconf 63' lang='lat' dir='ltr'><strong>nescies,</strong></span> <span class='ocrx_word' id='word_1_250' title='bbox 843 4163 928 4220; x_wconf 81' lang='lat' dir='ltr'><strong>quam</strong></span> <span class='ocrx_word' id='word_1_251' title='bbox 936 4161 995 4204; x_wconf 79' lang='lat' dir='ltr'><strong>rem</strong></span> <span class='ocrx_word' id='word_1_252' title='bbox 1005 4146 1109 4219; x_wconf 68' lang='lat' dir='ltr'><strong>egeris.</strong></span> 
     </span>
    </p>
   </div>
   <div class='ocr_carea' id='block_1_4' title="bbox 0 0 1474 4900">
    <p class='ocr_par' dir='ltr' id='par_1_11' title="bbox 0 0 1474 4900">
     <span class='ocr_line' id='line_1_36' title="bbox 0 0 1474 4900; baseline 0 0"><span class='ocrx_word' id='word_1_253' title='bbox 0 0 1474 4900; x_wconf 95' lang='lat' dir='ltr'><strong> </strong></span> 
     </span>
    </p>
   </div>
  </div>
 </body>
</html>
