2914 4902
595 355 657 421 tce

166 561 246 622 rum,
267 539 474 631 geographiae
496 554 528 608 et
550 540 698 610 historiae
721 543 917 633 peritissimi.
965 542 1026 612 Sed
1050 547 1130 615 diffi-

164 661 309 728 cillimum
332 673 389 741 est,
416 657 472 725 ubi
488 673 628 724 veterum
649 659 826 723 testimonia
840 659 944 724 omniu
966 641 1144 742 deliciunt,¹

161 799 192 843 es
213 775 307 842 titulo
325 774 401 840 libri
423 787 517 864 atque
532 795 571 839 ex
583 771 704 838 duobus
717 774 855 840 tribusve
868 775 1049 864 fragmentis
1062 778 1132 842 bre·

161 893 283 958 sissimis
307 903 449 956 naturam
469 890 565 955 totius
585 889 687 978 operis
699 911 895 978 cognoscere.
919 890 1031 978 Neque
1052 891 1130 958 adeo

160 1005 284 1096 amplius
308 1001 497 1094 disputando
508 1025 636 1092 operam
648 1003 779 1092 perdere
798 1003 908 1069 sellem
933 1005 1043 1087 sideri,
1070 1005 1130 1071 uisi

158 1121 270 1208 pravior
294 1119 328 1184 in
351 1119 449 1184 literis
470 1115 702 1182 Schneidewini
725 1119 894 1184 auctoritas
909 1117 1067 1208 paulisper
1078 1141 1129 1185 me

158 1235 316 1302 subsistere
333 1246 476 1322 cogerem
488 1231 544 1322 qui
565 1253 662 1322 quum
677 1254 781 1322 neque
798 1233 837 1298 dc
853 1245 1036 1321 argumento
1054 1255 1130 1298 con-

156 1349 279 1440 silioque
301 1355 480 1438 ἰξημήσεως
496 1349 529 1412 in
546 1349 726 1414 Alcmanem
748 1360 835 1414 secte
849 1350 992 1415 statuerit
1014 1370 1073 1415 nec
1091 1347 1130 1415 de
1226 1331 1230 1340 ¹

155 1479 270 1532 auctore
293 1487 338 1530 ex
364 1485 465 1554 aequo
485 1461 594 1528 tulerit
618 1461 799 1550 judicium,
840 1462 934 1528 huius
956 1464 1128 1530 sententiae

153 1601 226 1646 mete
248 1581 390 1646 rationes
405 1578 529 1644 efferum
547 1598 672 1643 necesse
695 1589 751 1642 est.

186 1693 467 1762 Schneidewiuum
490 1695 587 1782 igilur
611 1693 636 1756 si
659 1691 761 1770 sudis,
781 1689 956 1756 Alexander
973 1692 1005 1756 in
1020 1713 1058 1756 eo
1073 1715 1131 1781 po-

157 1809 296 1878 tissimum
323 1808 463 1875 carmine
485 1803 723 1896 interpretando
746 1803 919 1886 desudarit,
947 1827 1012 1894 quo
1031 1805 1131 1871 lertur

161 1921 270 1992 Alamm
288 1921 516 2013 gloriabundus
528 1922 756 1988 enumerarisse
773 1922 820 1986 rel
833 1922 1056 1987 remotissimos
1069 1936 1131 1986 ter·

159 2061 195 2105 ne
213 2039 369 2131 populos,
395 2035 476 2128 spud
500 2059 578 2126 quos
603 2037 669 2125 ipse
692 2049 770 2101 esset
784 2036 815 2100 in
837 2034 956 2102 bonore
975 2049 1007 2101 et
1031 2035 1130 2101 laudi·

155 2153 197 2220 lus
219 2155 244 2224 ¹.
293 2152 398 2220 Movit
421 2151 531 2216 Virum
556 2149 606 2218 cl.
628 2148 690 2215 hoc
716 2149 785 2218 Ael.
810 2149 956 2216 Aristidis
990 2150 1130 2215 testimo·

151 2272 224 2338 nium
239 2270 272 2341 ²:
300 2270 466 2354 ‘Erdoards
486 2267 771 2352 καλλωπιζόμενος
796 2267 828 2353 (o'
847 2265 1028 2353 Ἀλκμὰν),
1050 2261 1130 2352 παρ’

151 2391 223 2466 ὅστις
244 2387 427 2470 εὐδοκιμεῖ,
451 2389 594 2451 τοσαῦτα
612 2386 667 2448 καὶ
683 2387 821 2449 τοιαῦτα
836 2383 923 2466 ἔθνη
939 2380 1128 2462 καταλέγει,

149 2501 223 2569 aiss'
262 2504 331 2568 ἔτι
371 2504 445 2567 νῦν
480 2499 574 2573 rode
607 2495 786 2572 ἀθλίους
822 2499 1129 2581 γραμματιστὰς

149 2615 301 2702 ζητεῖν,
326 2602 373 2680 orl
395 2621 463 2697 γῆς
485 2609 596 2678 ταῦτ’
615 2605 744 2688 εἶναι,
771 2607 952 2677 λυσιτελεῖν
969 2609 997 2676 δ’
1017 2611 1129 2684 αὐτοῖς

147 2734 194 2796 sal
214 2733 362 2814 μακρὰν,
386 2729 431 2801 ὥς
454 2727 572 2803 ἔοικεν,
598 2722 758 2791 ἀπελθεῖν
778 2723 857 2790 ddc'r
880 2720 1126 2806 μᾶλλσνῆπερλ

146 2849 203 2912 τῶν
223 2841 432 2912 Σειαπὸδωε
451 2841 602 2923 ἀνήνυτα
621 2826 925 2922 πραγματεύεσθαι.
953 2834 1038 2919 Quae
1050 2833 1128 2899 scri·

149 2967 195 3042 pta
216 2955 302 3044 legas
315 2955 355 3020 ·iu
377 2954 482 3018 lucoss
499 2950 734 3026 declamatione,
758 2954 790 3014 in
809 2971 870 3039 qus
894 2947 998 3013 studet
1022 2945 1132 3012 rhetor

147 3068 193 3134 ille
214 3091 302 3134 suam
329 3069 396 3157 ipse
419 3066 599 3131 luctantium
616 3077 757 3130 veterum
775 3065 963 3152 scriptorum
979 3060 1128 3150 exemplis
1248 3077 1252 3086 ’

148 3204 297 3251 excusare.
334 3181 506 3247 Tantorum
531 3201 604 3244 vero
620 3178 811 3266 ineptiarum
828 3199 884 3242 cur
900 3175 1127 3265 Polybistorem

148 3317 214 3383 prse
237 3296 307 3361 aliis
333 3306 511 3384 suspectum
542 3291 736 3358 habeamus?
764 3289 888 3357 ¹Nolim
917 3287 1127 3369 contendere,

150 3409 284 3495 quamvis
308 3405 341 3472 id
365 3407 516 3496 suspicari
547 3405 752 3494 inpromptu
775 3404 832 3483 sit,
857 3401 1026 3470 Aristidem
1049 3399 1127 3464 rhe-

151 3531 247 3586 torum
279 3543 368 3586 more
411 3543 477 3587 rem
515 3517 678 3610 paululum
718 3519 961 3607 exaggerasisse3
995 3553 1032 3566 -
1072 3515 1129 3605 qui

151 3648 344 3722 quaererent,
369 3633 565 3700 libidinosior
589 3635 750 3699 Anacreon
763 3655 801 3698 an
813 3607 977 3697 'ebriosior
994 3629 1127 3711 risisset,

153 3769 185 3812 sn
206 3748 335 3840 Sappho
359 3747 487 3837 publicu
510 3747 637 3826 luisset,
670 3768 741 3811 sane
765 3746 938 3812 istiusmodi
963 3743 1128 3809 hominum

152 3881 239 3947 genus
263 3874 505 3928 consentaneum
528 3873 574 3927 est
597 3883 720 3926 summo
748 3858 851 3925 studio
875 3860 906 3924 in
930 3861 1127 3938 Σκιάπσδας

170 4028 326 4042 Ἥ

187 4097 208 4164 ¹)
222 4101 241 4150 ι.
255 4103 273 4152 ι
289 4119 313 4166 p.
332 4098 380 4160 zo.
398 4125 429 4136 —
447 4097 470 4166 ε)
486 4103 517 4153 ιι.
535 4119 557 4165 p.
576 4097 634 4150 sos.
