2914 4902
802 293 862 358 rut

363 481 615 569 uastationesque
649 477 847 546 exhibuerint
868 490 899 546 et
922 479 1164 568 explicaverint,
1190 499 1264 569 quas
1287 475 1327 544 rel

361 597 504 686 antiquas
527 609 673 661 seruasset
696 595 796 684 po'e'sis
822 593 868 660 rel
892 595 1140 660 finxissetnoras.
1178 589 1256 658 Sunt
1267 591 1329 656 lor-

362 723 440 778 tasse
453 733 533 800 quae
554 733 611 799 pro
628 709 685 775 hac
701 708 796 776 ultera
816 711 965 776 sententia
979 706 1082 774 afferri
1103 707 1230 796 possint,
1252 707 1330 770 relut

327 878 329 884 .
358 827 383 890 si
397 825 467 914 quis
479 825 565 890 dieat
577 823 785 890 Alexandrum
798 832 839 892 τοὶ
852 830 937 894 κατὰ
948 828 1206 910 τόπουςμυθικὰ
1216 819 1332 886 abunde

359 939 421 1006 ism
442 939 599 1026 collegisse
618 951 650 1003 et
674 937 872 1004 illustrarisse
893 938 924 1002 in
942 937 1048 1004 multis
1064 937 1124 1002 illis
1145 935 1243 1014 libris,
1267 934 1332 1024 qui·
1400 951 1401 960 ¹

359 1052 417 1118 bus
449 1052 488 1118 de
519 1052 730 1141 complurium
759 1052 921 1140 regionum
952 1052 1044 1117 rebus
1072 1061 1103 1116 et
1127 1047 1256 1116 historia
1278 1049 1333 1114 ab·

357 1166 458 1232 solrit.
506 1169 547 1232 At
570 1165 680 1231 iisdem
706 1166 736 1229 in
761 1165 851 1230 libris
873 1163 1046 1230 Alexander
1062 1162 1145 1230 haud
1167 1162 1265 1228 dubie
1284 1161 1334 1226 de·

357 1281 484 1369 scripsit
515 1302 594 1368 quae
617 1280 720 1344 ubiuis
742 1275 844 1345 essent
871 1278 1085 1346 memorabilia
1107 1291 1139 1345 et
1164 1277 1330 1356 mirabilia,

358 1405 515 1459 ettamen
541 1399 713 1481 Θανμάοιοι
748 1391 857 1459 muudi
889 1393 1038 1481 singulari
1059 1394 1153 1458 etiarn
1183 1413 1332 1458 commen·

359 1508 439 1574 tario
465 1519 643 1597 persecutus
666 1518 723 1572 est.
772 1507 873 1572 Locus
886 1506 1032 1594 Diogenis
1054 1506 1172 1572 Laertii
1187 1503 1333 1572 eiusmodi

350 1638 416 1706 est,
442 1636 477 1690 ut
502 1636 730 1709 utrumcunque
751 1621 1027 1714 luisseMudnrp'ro
1046 1621 1199 1686 rationem
1212 1631 1331 1696 statuas,

289 1714 290 1718 l
358 1763 430 1808 eum
457 1751 528 1804 utro
556 1737 631 1801 velis
653 1735 738 1800 laeili
768 1737 893 1824 negotio
913 1733 1033 1816 trahas,
1062 1733 1114 1802 sed
1138 1735 1278 1800 faciliore
1300 1731 1332 1798 ad

358 1857 503 1923 Modred
524 1856 565 1920 rol
596 1855 680 1918 κατὰ
712 1855 846 1928 τόπους.
893 1846 934 1914 llt
958 1871 1029 1914 rero
1052 1848 1093 1914 ab
1122 1847 1260 1926 homine,
1285 1843 1333 1934 qul

357 1967 553 2056 grammatici
577 1963 703 2053 quidem
730 1963 903 2030 doctissimi
920 1977 1023 2052 partes
1044 1986 1118 2029 curn
1139 1962 1233 2029 laude
1251 1960 1333 2028 susti·

359 2076 441 2164 nuit,
466 2080 518 2146 sed
541 2075 760 2168 geographiae,
782 2077 834 2143 sed
860 2076 1007 2144 historiae
1029 2075 1243 2167 indagatorem
1267 2074 1333 2140 dili·

357 2195 569 2284 gentissimum
594 2215 627 2257 se
646 2191 810 2281 probarit,
838 2191 1029 2281 quiedam,
1056 2191 1212 2258 utstatim
1238 2203 1334 2256 osten·

358 2309 446 2386 dam,
471 2309 502 2372 in
526 2307 684 2372 Alcmanis
708 2305 899 2372 carminibus
922 2305 1115 2396 explicandis
1139 2304 1222 2371 haud
1250 2303 1334 2368 dissi·

358 2421 424 2486 mili
449 2421 579 2486 consilio
602 2420 715 2486 ductus
734 2421 829 2498 luisse
843 2421 978 2498 ridetur,
1003 2459 1038 2470 -
1060 2420 1181 2499 abeo,
1206 2420 1265 2486 nisi
1290 2439 1333 2484 me

359 2536 462 2602 omnia
479 2535 603 2616 fallunt,
619 2536 885 2623 potiusrorrnrrfrr,
899 2547 933 2600 ut
946 2536 989 2604 ita
1006 2534 1121 2615 dicans,
1135 2557 1230 2624 quam
1242 2561 1332 2620 ποιη-

357 2625 458 2721 eredo
480 2657 595 2739 μύθων
617 2650 856 2714 commentarios
879 2661 1060 2740 exspectare
1080 2648 1184 2715 licent.
1235 2647 1331 2734 Quid,

358 2765 442 2858 quod
465 2763 587 2854 egregie
609 2764 670 2828 huo
688 2763 762 2829 lacit
786 2763 960 2853 exemplum
985 2764 1125 2852 Dionysii
1149 2760 1330 2838 Mummii,

358 2881 414 2969 qui
436 2881 494 2944 etsi
523 2879 646 2967 scripsit
676 2883 866 2966 οἷκουμέτής
890 2887 1108 2967 usqiman,
1138 2876 1238 2944 edidit
1261 2878 1331 2941 item

356 2997 518 3080 Ἱστορίας
534 3001 673 3072 τοπικὰς
693 2993 721 3071 ¹;
748 2993 811 3070 Sic,
824 3005 946 3084 praeter
966 2992 1169 3072 doestoridis‚
1185 2990 1332 3060 Neanthis

359 3105 505 3194 Cyziceni
526 3120 557 3172 et
578 3107 726 3174 Antiochi
752 3107 991 3174 commentarios
1002 3105 1146 3185 laudant,
1163 3113 1261 3176 Κατὰ
1280 3111 1332 3174 rrd·

357 3221 411 3310 lep
433 3227 563 3306 μυθικὰ
584 3223 748 3310 inscriptos
766 3221 796 3301 ²,
824 3245 840 3286 a
866 3219 979 3311 quibus
1001 3221 1089 3288 libris
1105 3221 1230 3288 fortasse
1244 3217 1331 3286 titulo

392 3397 415 3464 Ι)
431 3393 496 3448 Suid.
513 3413 532 3445 τ.
550 3413 583 3454 τ.;
600 3397 683 3446 Badeo.
702 3414 723 3460 p.
734 3395 791 3448 129.
827 3391 969 3468 Ἱστορίας
986 3398 1101 3448 cuiusdam
1108 3405 1225 3466 τοπττῆς
1235 3392 1330 3446 meminit

355 3489 423 3540 etiarn
439 3489 576 3540 Scholiastes
592 3491 658 3540 Hom.
676 3491 752 3541 Ile'ud.
770 3491 806 3542 K.
824 3489 883 3544 266.

390 3581 413 3647 ²)
431 3582 545 3633 Plutarch.
566 3586 647 3651 Symp.
666 3585 684 3634 l.
704 3581 745 3646 10,
763 3587 867 3635 Ammon.
883 3602 906 3637 r.
932 3583 1047 3648 Βωμόςς
1065 3587 1249 3636 Ptolemaeus:
1265 3582 1329 3632 ltlse·

355 3677 442 3726 uoduro
458 3695 495 3742 sp.
513 3680 578 3728 l’lrut.
595 3680 612 3730 l.
631 3681 648 3728 l.
667 3697 692 3745 p.
703 3678 753 3728 150
769 3680 784 3728 lt
801 3683 826 3729 4.
842 3681 966 3730 Videndum
983 3683 1059 3744 etiam,
1073 3699 1127 3732 num
1147 3682 1192 3731 lruc
1211 3679 1330 3745 pertineant

357 3769 439 3834 lignei
453 3770 509 3834 duo,
522 3780 584 3835 pater
600 3782 623 3822 et
640 3773 710 3835 filius,
728 3773 892 3822 Aristodemum
904 3775 955 3824 dieo
972 3785 995 3824 et
1009 3777 1148 3838 Sostratum,
1164 3791 1258 3838 quorum
1275 3767 1329 3821 Mtt-

356 3866 443 3932 θττὴν
460 3870 620 3934 συναγωγὴν
638 3867 716 3916 laudat
728 3867 870 3930 Plutarchus,
879 3869 920 3932 qui
929 3869 1013 3919 dieitur
1025 3872 1123 3920 Puroll.
1134 3871 1193 3919 suin.
1212 3863 1293 3915 XXXV
1308 3869 1329 3907 el

358 3959 388 4008 ds
398 3961 463 4023 fluo.
488 3959 570 4010 xntv.
589 3962 613 4008 4.
636 3960 670 4010 Cl.
694 3961 785 4009 Stobsei
810 3963 899 4012 Floret.
923 3963 987 4012 ΧΙΧ.
1023 3964 1145 4012 Dietioneru
1163 3961 1234 4011 sord
1250 3954 1326 4008 πόλιν

357 4051 385 4100 ad
403 4070 460 4102 unu
472 4052 570 4103 Athenas
587 4054 644 4102 lalso
662 4053 776 4119 restringit
794 4055 905 4105 Prellerus
922 4045 1326 4126 Potm.r>01srg.sra9n.p.l95·
