2772 4902
573 257 633 318 159

128 453 234 528 φράσιν
260 447 313 508 nol
345 442 571 528 nrpnlnrdrdqe
602 447 686 518 ἐστὶ,
727 448 783 508 καὶ
810 441 884 508 οὐδὲ
917 451 972 510 τοῦ
996 443 1089 527 ἡδέος
1136 531 1137 550 ¹

124 557 365 642 ἀπεστερημένος
388 554 412 618 ¹·
464 556 544 622 llioc
567 577 638 620 sana
670 556 817 621 coniicias
834 556 926 635 licet,
956 563 1091 644 Θαυμα·

123 677 190 740 olon
222 671 337 735 librum
374 671 435 736 aire
471 669 556 736 relut
590 670 795 759 appendicem
831 687 863 736 et
891 673 1090 760 supplemen-

124 799 180 852 tum
199 787 292 852 luisse
314 787 486 868 librorum,
513 808 590 874 quos
613 809 705 875 supra
729 787 992 866 examinavimus,
1028 789 1091 852 sire

120 915 291 986 argomento
313 901 422 966 saltem
456 899 688 990 quodammodo
712 922 783 965 curn
810 901 847 964 iia
870 901 1087 987 conjunctum,

121 1015 227 1104 quippe
250 1011 337 1103 quod
361 1014 481 1078 varium
504 1035 541 1078 cc
565 1013 731 1102 multiplex
756 1035 827 1078 curn
853 1037 908 1103 per
926 1013 1088 1080 historiam

121 1129 298 1204 naturalem,
332 1139 397 1192 tum
422 1151 495 1194 vero
519 1151 574 1218 per
600 1141 697 1193 totam
721 1127 881 1196 historiam
906 1144 937 1195 et
961 1108 1089 1218 geogra-

119 1239 283 1328 phiamlate
296 1253 427 1329 pateret.
442 1243 531 1328 Quod
546 1244 734 1331 scriptorum
745 1245 971 1330 genuslutilius
982 1247 1090 1310 lortas·

119 1376 143 1418 ac
153 1377 240 1443 qnam
262 1353 379 1433 ‚utilius
392 1377 452 1418 non
467 1357 509 1419 ita
522 1355 659 1420 alienum
672 1355 765 1420 luisse
781 1381 798 1420 a
815 1354 919 1422 schola
935 1355 1089 1440 Clatetca,

118 1489 160 1530 ano
175 1471 241 1556 ipse
257 1467 405 1554 exemplo
424 1467 532 1533 Grates
554 1470 666 1556 arguit,
692 1470 812 1558 quippe
842 1470 898 1557 qui
923 1472 955 1536 in
979 1471 1089 1538 eodem

118 1593 287 1670 argumento
297 1580 506 1646 elaboraverit
516 1591 541 1645 ².
567 1582 656 1647 Haud
669 1582 863 1663 dissimilem,
875 1587 1014 1673 quamvis
1026 1587 1089 1652 mi-

118 1715 158 1758 nna
176 1697 321 1786 amplam
345 1707 376 1760 et
400 1696 502 1760 minus
526 1699 655 1774 variam,
678 1697 836 1762 scribendi
852 1699 1014 1764 materiem
1028 1700 1088 1764 sihi

120 1811 188 1898 elegit
210 1807 349 1888 Sotion,
374 1810 460 1875 cuius
482 1811 688 1898 scriptionem
713 1833 785 1876 cum
805 1824 891 1878 serto
904 1813 1089 1900 Protagorae

124 1923 177 1988 libro
198 1940 230 1992 et
255 1923 433 1990 Alexandri
455 1937 632 2014 συναγωγῇ
643 1924 790 2015 deinceps
809 1947 993 2016 comparans
1005 1926 1091 1992 Pho..

123 2039 160 2104 tin
177 2043 238 2107 hoc
264 2040 440 2106 discrimen
465 2053 570 2121 notat,
594 2048 647 2111 ὃτι
671 2049 822 2112 ἐνταῦθα
844 2041 893 2130 (ἐν
914 2049 1089 2123 Σωτίωνος

117 2154 321 2246 βιβλιδαρίιρ)
350 2163 390 2224 τά
412 2164 487 2246 περὶ
512 2166 641 2247 κρηνῶν
663 2165 764 2244 μόνον
789 2166 844 2226 καὶ
875 2160 1000 2244 λιμνῶν
1024 2189 1089 2228 πα-

116 2274 411 2358 ραδοξολογούμενα
435 2278 624 2361 ἱστορεῖται,
642 2278 678 2342 ἐν
702 2277 842 2351 ἐκείνοις
855 2275 889 2342 dl
905 2281 960 2341 καὶ
980 2277 1088 2344 πλειό·

115 2414 166 2456 νυν
195 2392 315 2459 ἄλλων
350 2384 372 2452 ³.
428 2386 566 2452 Tandem
598 2401 632 2452 ut
659 2387 824 2452 Nicolaum
859 2388 1085 2453 Darnascenum

113 2501 312 2592 deprehendit
349 2501 477 2567 Photius
505 2507 734 2590 συμβαίνοντα
766 2510 811 2579 εἰς
835 2504 955 2570 ταύτὸν
987 2509 1088 2581 ἐνίοις

113 2627 166 2686 τῶν
201 2627 267 2689 ὑπὸ
311 2621 606 2704 Ἀλεξάνδρου
645 2619 840 2704 παραδόξων
884 2618 1087 2702 συνειλεγμέ-

114 2741 194 2812 rael,
210 2736 253 2799 ita
280 2755 355 2798 mor
369 2731 408 2798 de
424 2732 616 2797 toesroridis
640 2739 724 2799 κατὰ
749 2733 847 2800 πόλιν
865 2741 1019 2816 μυθικοῖς
1039 2733 1088 2816 ju-

111 2841 214 2912 dicium
235 2850 346 2914 ferens
359 2848 389 2911 in
413 2846 461 2912 his
473 2869 601 2935 quoque
617 2846 714 2911 multa
731 2867 762 2910 se
773 2847 925 2910 invenisse
944 2857 1086 2922 testatur,

113 2999 246 3013 -———

137 3107 157 3168 ¹)
171 3109 193 3161 l.
206 3111 229 3159 l.
243 3129 271 3174 p.
295 3105 349 3157 1⁴5
365 3107 381 3154 b
397 3106 427 3156 9.
450 3109 525 3171 longa
542 3107 589 3156 alio
606 3106 703 3154 coneilio
720 3107 786 3175 περὶ
805 3105 935 3168 βοτανῶν
947 3107 996 3154 καὶ
1010 3103 1087 3170 ζώων

110 3201 158 3252 ιτὲ.
173 3205 246 3269 eglise
265 3202 425 3254 Dioscoridem
442 3202 466 3249 in
482 3202 548 3250 libain
564 3203 630 3270 περὶ
649 3200 733 3267 ὕλης,
751 3201 779 3247 dc
795 3200 879 3265 quibua
891 3200 980 3264 judicat
996 3199 1089 3250 Photide

110 3297 158 3350 cod.
174 3299 240 3364 178,
259 3300 377 3350 nerninem
394 3298 508 3362 praeterit.
545 3298 579 3346 lhi
596 3298 663 3362 igitur
680 3315 702 3360 p.
713 3295 759 3344 121
779 3295 802 3344 h.
820 3293 852 3343 31
871 3293 1015 3344 Alexandri
1025 3313 1089 3342 naen-

107 3393 180 3442 tionem
197 3395 283 3444 laetam
311 3393 414 3457 legentes
431 3401 510 3454 sponte
528 3389 676 3454 intellipinam
694 3389 813 3438 modicum
832 3389 1004 3447 Trallianum,
1023 3395 1047 3432 ut
1064 3386 1088 3432 in

108 3485 190 3536 rehol'rie
206 3489 235 3536 ad
254 3487 369 3536 thaam.
388 3481 578 3547 remanete,
597 3501 645 3548 quo
660 3485 712 3532 loco
730 3481 884 3532 teatiocitatur
900 3479 1044 3530 Alexander·
1058 3480 1087 3529 dv

109 3583 142 3647 τῷ
157 3587 221 3652 περὶ
242 3581 403 3650 Oppiorum.

137 3673 159 3736 ²)
176 3677 263 3742 Collipc
281 3693 313 3723 ex
330 3674 484 3736 compluribus
501 3671 632 3736 lrapmentie
649 3671 678 3718 ab
697 3670 791 3718 heliano
803 3679 825 3717 et
834 3669 905 3716 Plinio
920 3668 1023 3740 uetantia,
1030 3685 1090 3730 qno·
1146 3717 1147 3727 μ

109 3779 231 3819 murman
247 3781 332 3818 neuter
343 3768 435 3816 titulum
448 3775 614 3826 mmmemcrat,
632 3765 689 3812 miro
707 3766 773 3812 inodo
793 3765 869 3811 lictum
887 3782 900 3810 ιι
919 3763 1042 3824 Wepenero
1060 3765 1089 3810 de

110 3865 155 3912 arel.
180 3867 261 3916 Attal.
292 3882 317 3925 p.
345 3859 404 3910 150.
439 3861 543 3909 lnecrihit
565 3861 625 3908 enim
646 3859 828 3908 commentarium
858 3857 1006 3917 Θαυμάσιον
1031 3857 1087 3904 τῶν

109 3955 224 4022 θηρίων,
243 3959 348 4005 incertus
366 3956 553 4022 etiarnpolntanc
572 3971 600 4001 en
619 3942 688 4017 lipa'ta
706 3955 809 4001 oratione
826 3952 922 4014 scriptus
939 3951 1022 3999 luerit!
1045 3949 1083 3996 Cl.

110 4047 195 4108 arao.
209 4051 281 4116 -=³›
294 4051 340 4102 ιι.
362 4045 418 4098 189.
435 4067 457 4111 p.
472 4047 520 4098 tre
538 4049 553 4096 a
572 4045 613 4097 30.
628 4075 662 4088 -
678 4047 701 4112 υ
718 4045 840 4097 arear.
