2942 4902
765 394 808 456 st

296 576 357 644 suit
370 579 496 642 iniuria.
520 577 604 642 Nam
623 593 730 666 postea
741 601 803 659 me,
817 594 853 643 ut
864 575 925 644 sihi
942 601 1041 645 essem
1058 577 1189 673 legatus,
1203 603 1270 646 non

296 687 401 758 solum
415 692 522 772 suasit,
540 713 655 756 verum
673 691 768 756 etiam
790 692 920 782 rogavit
948 691 997 758 Ne
1015 691 1049 758 id
1068 691 1201 782 quidem
1218 717 1273 760 ao·

297 807 382 894 oepi:
408 827 475 870 non
497 827 564 894 quo
588 801 730 870 alienum
749 827 820 870 mea
843 805 994 898 dignitate
1014 803 1193 886 arbitrarer,
1217 805 1273 874 sed

298 918 388 1009 quod
404 933 530 986 tontum
546 921 592 985 rei
610 916 759 1008 publicae
779 917 901 986 sceleris
921 919 1105 1008 impendero
1123 945 1142 986 e
1157 943 1273 986 oonsu-

298 1031 553 1122 libusproximis
562 1053 630 1098 nou
644 1031 837 1122 suspicabar.
860 1033 1046 1100 Praeteree¹
1064 1032 1142 1098 hoec
1159 1029 1273 1125 legetis

299 1161 331 1210 et
345 1144 492 1234 praesidii
508 1145 597 1234 opud
613 1144 772 1234 pudorem
790 1143 947 1212 Puetolli
957 1169 1025 1212 non
1044 1145 1184 1212 habebut
1201 1147 1273 1212 setis

299 1275 331 1328 et
351 1258 491 1328 auaris
511 1259 651 1326 adventu
674 1283 726 1326 me
748 1257 924 1352 ablegabit
956 1263 1010 1326 53.
1026 1260 1146 1344 Quae³
1166 1259 1273 1326 omnio

299 1397 405 1464 quum
426 1373 641 1464 repudiarem,
666 1373 827 1464 repudiari
851 1397 884 1440 se
907 1389 1011 1440 totum
1041 1375 1076 1438 in
1104 1374 1273 1442 XXvimtu

299 1488 434 1577 putavit.
467 1485 553 1553 Nem
577 1483 698 1552 solebat
720 1503 842 1575 postea,
864 1509 969 1577 quum
993 1509 1033 1553 se·
1047 1503 1213 1580 purgaret,
1238 1488 1273 1554 in

299 1625 353 1668 me
367 1599 519 1696 ‘conferre
540 1603 669 1668 om'uem
693 1598 824 1668 illorum
845 1617 1027 1690 temporum
1051 1599 1202 1692 eulpam:
1231 1603 1274 1668 ita

299 1739 353 1784 me
368 1713 429 1782 sibi
450 1713 546 1782 fuisse
565 1717 748 1796 inimicum,
770 1731 807 1782 ut
825 1737 868 1782 ne
885 1714 1041 1782 honorem
1060 1713 1193 1804 quidem
1207 1737 1226 1780 e
1241 1737 1274 1780 eo

299 1831 441 1920 eooipere
460 1827 585 1898 vellem.

344 2055 454 2124 XVII.
479 2057 533 2120 54.
555 2055 731 2122 Proximo³
746 2077 833 2120 euno
853 2077 958 2144 quum
976 2077 1024 2122 res
1043 2051 1173 2144 publice
1185 2055 1275 2120 Piso-

300 2191 377 2235 nem
391 2185 424 2234 et
440 2167 629 2249 Gabinium,
652 2191 719 2234 non
738 2165 900 2250 consules,
921 2166 1063 2249 heberet,
1080 2168 1135 2236 sed
1153 2191 1275 2234 meroe·

301 2297 383 2346 tores
399 2281 639 2370 provinciarum
660 2295 691 2346 et
710 2280 904 2347 seditionum
919 2305 1075 2348 servosne
1097 2282 1274 2362 ministros,

302 2393 374 2458 iecit
392 2391 526 2482 quidum
546 2415 636 2458 cesus
654 2409 752 2482 eaput
763 2416 873 2460 meum
887 2396 978 2484 qussi
994 2395 1173 2462 certaminis
1182 2417 1276 2462 muso

302 2507 336 2572 in
352 2503 490 2572 mediam
500 2506 736 2572 eontentiouem
745 2504 1034 2596 dissensionemque
1046 2503 1185 2574 civilem.
1202 2507 1275 2590 Qtto

302 2621 337 2686 in
351 2617 532 2686 discrimine
546 2642 651 2709 quum
666 2618 800 2686 mirifica
812 2629 949 2701 senatus,
964 2616 1157 2686 incredibilis
1167 2617 1276 2686 Iulios

302 2732 413 2814 totius,
432 2729 600 2824 siugrdaris
622 2733 769 2798 omnium
793 2729 956 2800 bonorum
977 2733 1141 2798 consensio
1165 2732 1199 2796 in
1225 2747 1277 2798 me

302 2843 423 2912 tuendo
443 2845 622 2926 exstitisset,
642 2867 710 2910 uon
730 2844 848 2925 dicam,
868 2843 950 2936 quid
966 2843 1113 2912 occiderit
1129 2883 1170 2894 -
1189 2841 1277 2910 mul-

302 2972 411 3024 torum
429 2972 475 3023 est
496 2957 582 3024 enim
602 2975 633 3024 et
646 2956 841 3047 vorieeulpa
859 2997 899 3008 -
918 2973 1045 3024 uotum
1060 2957 1164 3024 dioem
1175 2954 1277 3040 brevi,

301 3093 371 3136 nou
396 3069 475 3138 mihi
494 3073 668 3138 exercitum
691 3071 747 3138 sed
765 3072 861 3138 duoes
881 3069 1026 3138 defuisse.
1063 3071 1103 3136 In
1126 3094 1211 3161 quo,
1240 3087 1278 3136 ut

303 3185 368 3250 iam
395 3186 492 3252 sitin
517 3187 555 3252 iis
581 3183 694 3275 culpo,
722 3187 780 3276 qui
803 3208 856 3252 me
875 3207 942 3252 non
963 3183 1191 3265 defenderunt,
1208 3201 1277 3250 nou

302 3297 410 3364 minor
423 3314 470 3364 est
484 3300 519 3366 in
533 3299 581 3382 iis,
593 3300 655 3390 qui
669 3296 883 3388 reliquenmt3
903 3313 946 3378 et,
961 3299 989 3363 si
1002 3295 1171 3364 ooouseudi
1186 3311 1277 3378 suut,

302 3411 398 3502 siqui
413 3413 662 3502 pertimuerim,
676 3413 776 3504 magis
789 3411 885 3478 etiem
898 3409 1166 3500 reprehendendi,
1180 3410 1278 3498 siqui

302 3547 335 3592 eo
352 3527 463 3593 timere
484 3524 686 3592 simularem
714 3527 768 3590 55.
786 3523 993 3590 Audieram*
1012 3521 1145 3613 quidem
1164 3546 1205 3588 ex
1227 3543 1277 3588 se·

301 3639 495 3728 pientissimo
512 3638 657 3720 homine,
675 3653 771 3728 etque
788 3638 908 3726 optimo
929 3637 990 3704 civi
1012 3651 1044 3702 et
1064 3636 1144 3717 viro,
1158 3635 1198 3718 Q.
1213 3632 1278 3702 Ce-

303 3748 383 3833 tulo,
402 3773 470 3820 non
483 3775 576 3842 saepe
590 3775 695 3818 rmum
709 3747 874 3818 oonsttlom
888 3747 1091 3840 improbum,
1107 3747 1188 3816 duos
1202 3769 1277 3816 vero

339 4015 360 4088 ¹)
378 4018 409 4068 ao
423 4019 474 4070 so.
488 4020 522 4069 u.
537 4020 580 4069 rs.
599 4015 653 4084 ts.
666 4045 700 4054 -
717 4014 742 4085 ¹)
763 4013 1137 4085 aosrr.1x.s.s.§r.-·)
1155 4017 1230 4080 spor.
1245 4016 1277 4064 io

302 4115 330 4166 P.
342 4113 599 4177 Louloumnenos.
615 4115 639 4166 t.
652 4111 703 4178 Μ
719 4109 816 4179 te.)-
831 4109 917 4178 ἥρωι
935 4113 1014 4164 Redit.
1030 4109 1277 4176 mammete.
