2942 4902
792 321 812 384 4

314 506 401 572 tione
420 519 541 595 posset,
567 526 634 570 non
655 503 771 570 iudicio
793 526 899 596 neque
922 503 1163 594 disceptatione,
1183 503 1238 570 sed
1256 506 1288 570 vi

314 635 411 710 atquc
436 619 656 709 impressione,
684 635 831 685 evertere.
869 618 973 685 Huius
994 641 1051 711 ego
1070 618 1236 684 temeritati
1263 618 1288 682 si

313 733 430 798 virtute
456 749 552 822 etque
572 733 679 798 animo
700 755 768 798 non
794 733 988 813 restitissem,
1012 734 1085 822 quis
1108 750 1206 815 esset,
1231 735 1288 822 qui

312 868 364 912 me
392 847 427 912 in
455 843 624 912 consulatu
651 868 719 912 non
742 869 817 912 casu
842 847 947 936 potius
972 847 1162 914 existimaret
1189 871 1289 938 quarn

312 957 444 1026 consilio
465 958 579 1026 fortem
595 955 714 1026 sitisse?

357 1185 400 1248 ΙΙ.
425 1185 455 1251 3.
479 1182 597 1250 Gravia
617 1185 627 1226 ¹
651 1200 721 1250 tum
742 1185 859 1252 iudicia
877 1209 935 1275 pro
955 1188 998 1252 rei
1015 1185 1164 1276 publicae
1181 1187 1288 1280 digni-

312 1311 387 1378 tate,
409 1295 511 1361 multa
529 1296 569 1362 de
587 1298 827 1364 coniuratorum
848 1296 963 1366 'scelere
979 1297 1059 1370 facta
1075 1317 1161 1366 sunt.
1189 1301 1289 1366 Nos¹

313 1426 430 1491 autem,
450 1411 507 1500 qui
528 1434 546 1474 a
564 1413 673 1476 ceteris
694 1413 920 1478 coniurationis
940 1414 1041 1478 causis
1064 1412 1288 1496 abstinuimus,

312 1524 349 1590 P.
371 1521 496 1592 Sullam
508 1521 718 1616 defendimus.
740 1525 924 1593 Veniebat³
942 1526 983 1592 od
995 1549 1064 1606 me,
1081 1543 1113 1592 et
1128 1549 1220 1618 saepo
1233 1552 1289 1596 ve-

312 1635 437 1718 niebat,
459 1635 655 1718 Autronius,
675 1637 784 1704 moltis
810 1663 886 1704 cum
906 1637 1055 1719 lacrimis,
1074 1638 1229 1730 supplex,
1252 1655 1288 1706 ut

310 1773 343 1818 sc
357 1748 572 1830 defenderem,
592 1767 624 1816 et
641 1775 673 1818 se
687 1775 797 1818 meum
811 1749 1067 1842 condiscipulum
1085 1754 1119 1818 in
1138 1753 1286 1842 pueritia,

310 1865 499 1932 familiarem
511 1868 546 1932 in
561 1864 780 1948 adolescentia,
795 1864 948 1960 collegam
964 1868 999 1932 in
1018 1884 1188 1958 quaestura
1199 1891 1288 1934 com-

266 2061 272 2078 Ι
310 1978 509 2046 memorabat
529 1977 639 2046 fuisso:
661 1976 764 2046 multa
781 2003 852 2046 mea
876 1981 984 2059 inse,
1008 1979 1168 2048 nonnulla
1192 1982 1287 2048 etiam

310 2117 368 2160 sua
395 2094 430 2158 in
457 2114 510 2158 me
532 2089 712 2180 proferebat
738 2089 852 2158 officia.
885 2091 1012 2177 Quibus
1037 2117 1095 2186 ego
1121 2093 1217 2160 rebus
1244 2097 1298 2167 io,

312 2203 464 2270 flectebar
485 2205 592 2270 animo
609 2221 706 2294 atque
719 2203 899 2298 frangebar,
919 2222 956 2272 ut
966 2207 1061 2273 etiam
1071 2231 1109 2274 ex
1121 2209 1286 2288 memorio,

312 2339 394 2408 quas
417 2315 496 2382 mihi
522 2318 583 2406 ipsi
604 2315 719 2384 iecerat
743 2317 891 2400 insidias,
921 2318 1129 2410 deponerem:
1161 2336 1200 2386 ut
1223 2321 1287 2386 iam

312 2430 490 2496 immissum
505 2452 571 2496 esse
587 2428 630 2496 ab
645 2453 684 2498 eo
698 2429 736 2496 C.
755 2429 955 2513 Cornelium,
975 2433 1033 2522 qui
1049 2456 1101 2498 me
1114 2431 1288 2500 insedibus

311 2545 402 2626 meis,
424 2544 460 2610 in
472 2561 645 2634 conspectu
665 2546 773 2612 uxoris
791 2566 880 2612 mooe
894 2569 931 2611 ec
946 2541 1123 2612 liberorum
1141 2569 1288 2614 meorum

312 2657 496 2739 trucidaret,
515 2655 727 2724 obliviscerer.
751 2658 782 2722 d.
798 2657 889 2742 Quae
905 2658 932 2724 si
949 2655 989 2724 de
1004 2681 1070 2726 uno
1085 2682 1138 2724 me
1153 2661 1288 2752 cogitas-

311 2789 370 2854 set,
394 2759 460 2864 tjna
473 2769 607 2838 mollitia
627 2795 700 2838 sum
715 2771 815 2836 enimi
826 2794 865 2837 ac
878 2768 1020 2852 lenitate,
1038 2795 1210 2863 nunquam
1218 2796 1289 2840 me-

311 2883 442 2954 hercule
452 2883 538 2952 illius
547 2883 685 2952 bcrimis
693 2909 732 2952 oo
738 2883 887 2975 precibus
896 2887 1090 2953 restitissem:
1101 2887 1169 2968 sed,
1183 2911 1287 2980 quum

311 2998 392 3094 mibi
408 2999 548 3089 patriae,
572 3023 677 3090 quum
701 2995 903 3091 singolorum
923 2995 1158 3089 periculorum,
1178 3007 1289 3092 'quem

311 3111 409 3180 huius
427 3110 531 3194 urbis,
546 3135 652 3204 quum
666 3109 799 3180 illorum
812 3109 1024 3180 delubrormn
1037 3121 1137 3205 atque?
1151 3113 1289 3206 templo-

312 3250 400 3309 rum,
418 3251 523 3318 quum
542 3249 718 3318 puerorum
742 3225 928 3308 insontium,
950 3251 1055 3318 quum
1067 3244 1288 3298 matronarum

312 3363 349 3406 ac
368 3340 532 3433 virginum
552 3337 701 3408 veniebat
721 3340 759 3406 in
779 3355 937 3406 mentem:
963 3356 996 3408 ot
1012 3365 1117 3432 quum
1140 3339 1216 3410 illas
1235 3344 1288 3411 in·-

311 3452 407 3522 iestee
428 3475 466 3520 oc
485 3451 628 3520 iunesmo
643 3450 725 3520 iaces
743 3453 996 3544 universumque
1010 3454 1107 3521 totius
1121 3454 1222 3524 Urbis
1235 3457 1289 3524 in·

311 3567 480 3648 censilem,
510 3589 617 3658 quum
638 3563 718 3647 tela,
747 3589 853 3656 quum
876 3565 1005 3648 medes,
1035 3591 1140 3660 quum
1168 3570 1288 3638 eiriurn

311 3703 420 3762 muer,
444 3704 550 3772 quom
575 3679 655 3746 cinis
674 3679 794 3770 patriae
810 3681 927 3747 versari
949 3697 1023 3748 ante
1040 3679 1167 3760 octrlcs,
1190 3699 1289 3775 atque

346 3917 368 3988 a)
387 3933 433 3986 pm
450 3919 537 3971 flocco
561 3933 585 3972 e.
614 3918 658 3970 58.
686 3915 701 3988 §
726 3919 770 3970 94.
799 3943 834 3954 -
860 3917 883 3984 ¹)
901 3935 946 3984 pro
963 3919 1031 3974 sotto
1049 3935 1073 3972 c.
1092 3921 1136 3973 tt.
1158 3917 1233 3990 §⁸⁰¹
1253 3947 1288 3978 .-

311 4013 334 4082 ⁸)
353 4014 418 4070 ibid.
438 4029 460 4068 c.
481 4015 507 4067 d.
528 4011 542 4084 §
562 4015 606 4066 ¹8.
