2862 4894
770 373 791 436 8

289 551 328 624 ad
351 553 500 626 Solianae
520 555 731 645 assignationis
750 557 889 623 rationes
919 577 983 622 essa
1007 557 1273 625 accommodatis·-

285 671 405 736 simam.
452 669 499 736 ad
520 669 530 708 ¹
558 693 627 736 earn
650 693 715 737 rem
748 671 880 738 recitavi
911 683 1007 761 capot
1030 671 1106 760 legis
1130 673 1204 754 XL,
1230 671 1273 739 do

290 805 354 873 quo
384 805 442 872 ego
475 783 617 850 consulto
644 783 728 874 apud
751 784 905 875 populum
932 798 1004 852 ante
1036 808 1099 852 non
1135 787 1276 852 feceram.

290 898 499 976 mentionem,
517 919 556 964 ne
580 911 634 964 ant
653 899 801 966 refricare
822 899 993 967 obductam
1015 901 1076 966 iam
1098 901 1145 967 rai
1165 901 1273 992 pubii-

289 1031 344 1078 cae
367 1013 546 1078 cicatricem
570 1013 710 1093 viderer,
733 1025 790 1079 aut
812 1011 956 1102 aliquid,
979 1013 1167 1081 alienissimo
1190 1027 1273 1082 tem-

287 1147 376 1216 pore,
390 1147 489 1194 norae
501 1126 697 1194 dissensionis
710 1149 923 1196 commorere.
945 1126 1022 1195 Ats²
1040 1151 1113 1217 ergo
1126 1129 1274 1195 tribunus

288 1239 409 1330 piebis:
442 1242 530 1327 θυι
552 1260 630 1310 aosr
654 1242 792 1312 ttrnrvn
816 1261 854 1310 ar
880 1242 1078 1320 Cannonsn.
1102 1260 1271 1321 consuas,

288 1371 475 1440 asnsarcra,
515 1369 617 1440 sear,
654 1376 781 1440 anons,
818 1375 963 1438 sarone,
1000 1360 1104 1440 noca,
1140 1373 1273 1424 romes-

286 1487 419 1551 stottce',
453 1469 589 1556 (coelom
628 1485 661 1540 et
690 1495 776 1539 mare
808 1472 1035 1563 praetermisit,
1061 1483 1167 1540 cetera
1188 1491 1274 1538 oom-

285 1582 393 1672 pieros
436 1585 515 1673 est,)
557 1600 694 1653 aratro}
730 1604 841 1670 nans,
878 1603 1073 1667 assrcstara,
1109 1601 1274 1664 sanotae,

287 1713 446 1764 concessa
476 1716 578 1765 sarr:
609 1716 649 1765 ea
683 1716 785 1767 onnia
820 1715 963 1766 trottae
990 1715 1079 1776 star,
1109 1715 1166 1778 tr,
1190 1707 1277 1776 osan

290 1825 408 1878 orrtao
446 1827 521 1878 tetta
558 1829 701 1904 cottana
739 1831 818 1880 stttr.
866 1817 920 1880 ii.
956 1813 1043 1880 Haec
1074 1811 1088 1850 ³
1128 1811 1275 1878 tribunus

286 1923 389 2013 piebis
422 1925 734 2016 promulgassemus
759 1939 822 2006 est,
856 1939 909 2007 ot,
939 1925 1022 2016 qood
1048 1926 1182 2016 qnisqne
1201 1937 1276 2015 post

208 2031 214 2054 ⁸
284 2037 440 2105 Marium
463 2051 495 2106 et
530 2038 710 2111 Carbonem
751 2039 894 2106 consules
933 2039 1125 2130 possideret,
1164 2038 1196 2106 id
1234 2061 1277 2106 eo

286 2150 355 2216 iore
390 2163 528 2230 teneret,
560 2177 625 2245 quo
653 2154 710 2244 qni
738 2153 861 2243 optimo
893 2155 1070 2243 privatum!
1110 2151 1277 2243 Ergobac

285 2261 352 2352 iege
386 2265 434 2330 ius
471 2266 582 2347 cisiis,
618 2289 728 2334 causae
752 2267 996 2356 possessionum,
1019 2278 1200 2356 praetorum
1223 2267 1274 2334 ia·

286 2377 421 2444 terdicta
449 2379 664 2448 tollebantur.
722 2382 821 2449 Erant
859 2381 944 2448 enim
979 2380 1072 2448 molti
1106 2380 1172 2470 agri
1206 2381 1275 2470 lege

286 2491 430 2561 Cornelia
469 2495 647 2585 publicati,
692 2515 753 2562 nec
782 2495 932 2584 cuiqnam
981 2495 1126 2585 assignati
1171 2517 1275 2586 neque

286 2607 424 2691 venditi,
473 2611 529 2700 qni
569 2634 587 2676 a
625 2609 737 2701 paneis
777 2607 958 2676 hominibus
1003 2609 1276 2700 impudentissime

285 2721 535 2811 possidebantur.
593 2723 649 2792 ttts
687 2724 839 2805 carebat,
876 2723 933 2791 bos
967 2723 1174 2806 defendebat,
1216 2723 1276 2792 hos

284 2838 423 2926 privatos
453 2838 606 2906 iaciebat:
635 2837 714 2920 bos,
747 2840 896 2928 inquam,
929 2861 1041 2929 agros,
1075 2861 1164 2928 qnos,
1188 2837 1273 2906 Sulla

284 2953 404 3019 nemini
422 2953 560 3034 dederat,
587 2953 699 3022 liuline
718 2977 780 3020 non
806 2951 926 3043 popolo
955 2955 1108 3042 assignare
1134 2951 1272 3033 solebat,

284 3065 338 3132 sed
365 3071 409 3135 eis
436 3069 631 3151 condonare,
663 3070 721 3159 qui
749 3067 961 3159 possidebant.
1004 3074 1055 3136 15.
1099 3066 1273 3156 Egom-

284 3193 348 3248 tem
377 3219 418 3238 -
445 3185 501 3274 qni
528 3185 585 3251 otii
611 3195 643 3252 et
666 3182 853 3250 concordiae
875 3195 1043 3273 patronum
1060 3183 1162 3248 mein
1186 3178 1272 3248 bono

283 3317 398 3363 annum
418 3298 537 3388 popolo
557 3300 698 3366 Romano
713 3297 871 3388 professos
887 3319 998 3376 essem,
1022 3307 1054 3362 et
1077 3297 1132 3384 qui
1148 3293 1162 3332 ⁵
1180 3295 1271 3362 initio

284 3431 416 3478 orassem
437 3414 543 3480 Patres
566 3412 766 3502 Conscriptos
798 3433 890 3478 snom
913 3421 948 3476 nt
971 3407 1050 3476 mihi
1073 3409 1210 3476 studium
1231 3409 1271 3476 ad

284 3543 483 3592 communem
500 3526 688 3616 dignitatem
705 3522 934 3592 defendendam
953 3521 1187 3612 profiterentur,
1206 3545 1271 3612 quo

283 3638 469 3726 perficerem
490 3641 542 3720 id,
566 3638 651 3730 quod
674 3639 807 3704 maxime
830 3635 1030 3726 respublica
1053 3633 1268 3714 desiderabat,

284 3764 320 3819 ut
343 3768 471 3821 senatus
490 3755 672 3838 auctoritas,
691 3771 772 3850 quae
792 3749 878 3842 apud
897 3750 1029 3816 maiores
1052 3761 1173 3815 nostros
1191 3750 1267 3832 init,

281 3919 431 3939 unu-...-

314 4010 857 4087 1)rsn.e2.oa.-²)nn.ar.
884 4011 1269 4080 -airsmesonffl

279 4112 302 4181 a)
320 4114 378 4167 rota.
395 4131 416 4166 ο.
434 4112 459 4164 2.
477 4113 491 4178 t
509 4112 535 4164 a.
552 4137 584 4148 -
603 4109 626 4175 ε)
643 4109 673 4160 as
689 4110 707 4158 r.
723 4107 815 4172 term·
832 4109 852 4159 t.
869 4123 893 4164 e.
911 4105 936 4158 9.
953 4106 966 4172 e
983 4101 1025 4160 ar.
