2940 4920
669 376 768 470 'se

257 597 331 661 catis
346 593 546 686 principibus
562 591 708 684 (Solone,
723 591 885 672 Miltiade,
901 590 1039 658 Aristide
1054 607 1084 656 et
1101 589 1237 678 Pericle)

257 710 503 801 interrogantem
520 705 637 774 fecerit.
666 706 769 771 Rasre
789 705 829 770 de
851 701 969 794 Eupol.
992 704 1074 793 Δήμ.
1098 727 1134 768 00
1157 700 1237 772 Πόλ.

186 891 192 902 ,
257 845 289 910 p.
313 821 334 886 1
356 838 387 888 01
409 823 452 886 tt
484 821 616 886 Choro
641 813 701 884 bas
729 817 944 910 interrogandi
972 833 1076 907 partes
1104 815 1236 893 tribuit3

258 953 287 999 0.
310 953 455 1000 ametor
472 957 547 1000 vero
568 937 602 1000 in
622 931 743 1022 Opusc.
765 931 808 999 V.
822 955 854 1022 p.
871 931 937 997 990
948 955 995 1022 sq.
1028 927 1238 1022 Myronidi

258 1047 382 1114 easdem
408 1047 558 1114 vindicat.
599 1046 744 1113 Athaco
773 1045 905 1136 quidem
929 1044 1083 1110 sententia
1107 1039 1237 1132 probari

258 1161 462 1228 nullomodo
479 1175 596 1252 potest3
613 1183 678 1250 qua
697 1161 784 1225 enim
803 1159 925 1223 ratione
943 1155 1011 1222 lieri
1029 1179 1119 1245 posse
1141 1171 1239 1244 pute-

259 1301 342 1358 mus,
357 1292 396 1341 01
411 1274 610 1367 Myronides,
626 1297 720 1338 senex
734 1272 799 1339 fere
818 1273 1047 1364 octogenarius,
1062 1271 1160 1360 ipsius
1175 1269 1239 1335 Pe-

260 1387 344 1455 riclis
370 1387 525 1478 aequalis,
550 1389 689 1454 incertus
713 1387 865 1468 haeserit,
890 1388 962 1477 quis
992 1381 1045 1450 ille
1073 1400 1151 1450 esset
1179 1385 1239 1473 qui

259 1519 435 1594 postremus
453 1527 491 1568 ex
514 1499 621 1568 inferis
640 1501 855 1580 reduceretur,
876 1515 907 1564 et
923 1499 1124 1563 Mercurium
1138 1499 1240 1562 inter-

260 1615 438 1712 rogaverit?
450 1617 567 1683 Nonne
582 1617 687 1706 potius
703 1617 818 1697 statim,
830 1630 999 1702 conspecto
1012 1621 1157 1701 capitone
1171 1607 1240 1690 illo,

260 1755 298 1798 ex
320 1733 387 1822 ipsa
414 1731 523 1820 capitis
545 1729 662 1810 sorma,
684 1752 890 1811 communem
911 1725 1046 1792 modum
1069 1723 1242 1790 excedente

260 1849 383 1938 ipsique
396 1846 485 1911 haud
504 1847 610 1938 ignota
617 1895 626 1925 ,
653 1861 795 1910 constare
817 1841 981 1934 Myronidi
1003 1838 1132 1920 debuit,
1148 1839 1241 1904 Peri-

258 1959 426 2043 clem,non
437 1957 537 2024 alium
545 1955 633 2024 esse?
648 1956 775 2024 Chorus
782 1958 891 2048 igitur,
899 1977 965 2020 non
974 1951 1242 2045 Myronides,boc

259 2071 514 2139 admirabundus
529 2092 681 2160 quaerere
700 2071 822 2159 potuit,
838 2067 893 2134 sed
914 2067 1050 2148 chorus,
1076 2063 1243 2154 ephebis

259 2201 424 2266 constans,
447 2206 514 2248 non
537 2183 629 2263 viris,
651 2205 719 2247 non
742 2179 882 2248 senibus.
913 2179 1027 2246 Talem
1047 2177 1143 2245 suisse
1164 2199 1243 2244 eum

259 2305 323 2390 jam
339 2299 514 2386 suspicatus
529 2317 616 2362 eram
631 2295 665 2358 in
680 2295 786 2383 Epist.
803 2295 849 2359 ed
864 2293 900 2360 C.
915 2295 970 2361 Fr.
986 2295 1181 2360 Hermann
1201 2290 1243 2356 de

263 2415 300 2482 C.
324 2413 445 2478 Lucilio
468 2437 501 2501 p.
523 2411 577 2500 te}
591 2409 663 2500 (ubi
684 2410 790 2476 nescio
814 2409 1244 2501 quomodo,cont1aquam

259 2523 440 2606 volueram,
454 2521 585 2616 legitur:
601 2531 631 2588 si
647 2523 811 2589 dreodeeim
834 2527 947 2612 φυλαῖς
964 2529 1083 2612 vigtnti
1107 2533 1246 2612 quantor

259 2625 412 2723 epsicopus
417 2637 527 2727 fuisse
536 2651 710 2736 copsteret,
726 2636 815 2727 quod
830 2637 977 2726 ineptum
991 2651 1047 2702 est.
1070 2633 1245 2726 Conigen-

259 2748 340 2815 dum
354 2733 389 2816 in
405 2749 550 2818 Graecis:
568 2751 724 2839 φρατρίως
739 2791 777 2805 -
787 2748 1033 2842 φρατριᾶρχους).
1059 2745 1124 2814 Sed
1137 2747 1245 2836 suspi-

259 2863 385 2930 cionem
404 2861 490 2930 illius
511 2865 677 2952 temporis,
703 2861 747 2929 ob
767 2865 886 2954 ipsam,
908 2879 946 2930 ut
960 2861 1005 2928 ibi
1021 2861 1161 2942 ostendi,
1177 2857 1245 2924 fra-

259 2989 464 3066 gmentorum
476 2978 631 3042 rationem
643 2999 710 3042 non
726 3001 801 3043 sane
815 2976 999 3058 absurdam,
1013 2975 1067 3040 bic
1080 2971 1245 3040 Plutarchi

258 3083 348 3154 locus
368 3111 561 3181 magnopere
577 3090 790 3157 commendat.
822 3089 951 3181 Ephebi
967 3089 1072 3171 enim,
1088 3087 1246 3154 duodevi-

261 3201 341 3292 ginti
364 3225 466 3268 annos
488 3205 572 3286 neti,
595 3205 629 3270 in
653 3201 824 3271 curialium
847 3201 921 3269 albo
937 3201 1068 3270 inscribi
1083 3200 1246 3281 solebant3

261 3311 430 3403 Eupolidis
452 3331 560 3381 autem
582 3313 726 3382 fabulam
746 3317 851 3382 statim
871 3331 942 3405 post
957 3313 1099 3383 Siculam
1113 3315 1246 3406 expedi-

260 3429 381 3494 tionem
396 3454 424 3494 a.
448 3431 513 3494 112
528 3431 679 3520 scriptam
694 3447 726 3497 ct
741 3446 843 3496 actam
858 3429 953 3495 fuisse
961 3480 971 3510 ,
986 3425 1248 3518 improbabiliter

262 3541 436 3632 disputavit
450 3541 553 3632 llaspe
561 3593 571 3625 ,
588 3557 642 3626 ut,
664 3543 745 3633 quid
760 3543 880 3633 opponi
893 3547 961 3632 ejus
976 3543 1149 3609 sententiae
1163 3557 1247 3609 recte

261 3657 375 3744 possit,
390 3679 458 3721 000
474 3655 609 3722 videam.
632 3654 706 3721 Jam
719 3679 757 3722 eo
772 3678 858 3720 anno
874 3655 1154 3745 septemdecim
1167 3657 1246 3722 anni

265 3763 361 3855 elapsi
377 3784 485 3848 erant,
501 3792 538 3833 ex
554 3791 621 3858 quo
636 3766 914 3834 Periclesmortem
921 3767 1124 3835 occubuerat
1141 3765 1247 3851 Quid-

265 3879 346 3971 quid
360 3881 457 3971 igitur
471 3881 511 3947 de
525 3877 645 3947 Pericle
660 3899 817 3948 noverant
831 3880 947 3971 ephebi
962 3879 1026 3964 illi,
1040 3884 1097 3974 qui
1110 3881 1248 3948 chorum

264 3992 462 4076 efficiebant,
483 3993 565 4060 fame
586 4013 785 4084 acceperant,
806 3997 927 4088 quippe
946 3999 1052 4086 ipsum
1071 4000 1179 4062 virum
1193 4021 1247 4063 ce·

261 4106 507 4175 lebratissimum
535 4131 601 4174 non
628 4127 860 4200 cognoverant,
890 4133 956 4175 non
986 4111 1140 4178 viderant.
1181 4111 1246 4176 Fac
