2862 4894
749 315 790 377 32

274 517 401 562 manum
425 497 516 562 simul
534 497 707 578 exituram,
730 509 784 564 aut
808 521 876 578 eos,
908 500 964 588 qui
988 499 1187 581 restitissent,
1209 503 1258 570 in·

273 613 380 676 firmos
407 611 473 678 sine
496 611 550 676 illo
577 633 613 677 ac
637 611 757 679 debiles
773 614 841 678 lore
853 613 1015 703 putabam.
1066 616 1171 707 Atque
1183 641 1253 708 ego,
1365 625 1366 628 ’

273 742 308 793 ut
340 728 422 801 ridi,
453 751 531 816 quos
555 728 692 793 marimo
722 729 829 794 lurore
852 741 884 793 et
904 728 1021 795 scelere
1043 753 1107 798 esse
1133 733 1257 800 iollam·

272 858 371 909 matos
395 845 552 922 sciebam,
578 865 629 908 eos
646 842 810 908 nobiscum
834 865 919 922 esse,
945 855 976 908 et
998 843 1117 910 Romae
1133 866 1257 910 reman-

272 959 367 1023 sisse:
384 959 415 1022 in
439 980 475 1023 eo
495 980 601 1022 omncs
624 955 690 1022 dies
711 969 883 1046 noctesque
897 956 1084 1045 consumpsi,
1108 969 1155 1036 ut,
1180 957 1258 1048 quid

272 1085 397 1161 agerent
411 1121 421 1156 ,
447 1073 523 1162 quid
542 1061 751 1149 molirentur,
776 1073 924 1138 sentirem
949 1093 987 1136 ac
1010 1071 1161 1137 riderem.
1201 1077 1256 1140 76.

272 1187 357 1272 Quae
377 1187 387 1224 ¹
408 1209 506 1274 quum
520 1183 576 1251 xita
600 1197 717 1264 essent,
740 1185 876 1276 populus
899 1187 1073 1266 Romanus,
1100 1186 1257 1274 quemad-

271 1301 400 1367 modum
415 1302 476 1367 iam
493 1313 595 1380 antea,
622 1312 704 1368 tecta
723 1325 776 1367 sus
790 1300 940 1367 custodiis
956 1300 1133 1390 vigiliisque
1149 1299 1258 1368 delen·

270 1416 334 1482 dit:
356 1413 446 1496 mihi,
471 1427 506 1480 ut
529 1413 607 1481 Urbi
629 1415 694 1480 sine
713 1427 800 1480 motu
819 1437 856 1480 ac
875 1415 940 1481 sine
953 1415 1018 1480 ullo
1033 1415 1170 1480 tumultu
1183 1415 1256 1480 satis

271 1543 349 1596 esset
366 1529 524 1618 praesidii,
549 1528 725 1594 consultum
742 1551 779 1593 ae
794 1529 953 1617 provisum
978 1540 1035 1595 est.
1062 1526 1173 1594 Coloni
1187 1549 1257 1592 om-

271 1667 324 1710 nes
337 1643 576 1732 municipesque
593 1641 704 1723 nostri,
727 1642 901 1707 certiorcss
918 1663 967 1706 me
984 1640 1060 1705 faeti
1074 1638 1112 1706 de
1125 1639 1185 1705 hac
1202 1663 1258 1706 oo-

270 1771 381 1824 ctuma
404 1757 587 1822 excursione
604 1754 781 1836 Catilinae,
803 1755 895 1821 facile
914 1755 1008 1820 urbes
1029 1777 1097 1820 suas
1117 1755 1257 1844 finesque

270 1869 491 1936 defenderunt.
537 1867 753 1949 Gladiatores,
790 1893 884 1958 quam
914 1869 974 1934 sibi
1005 1868 1059 1934 ille
1089 1870 1257 1934 maximam

270 1997 449 2050 manumet
476 1984 680 2050 certissimam
707 1983 774 2048 lore
792 1985 935 2072 putarit,
975 1995 1127 2073 potestate
1152 1995 1255 2052 nostra

271 2097 524 2165 continebantur.
572 2099 611 2183 Q.
642 2095 801 2178 Metellus,
836 2119 929 2188 qoem
955 2121 1028 2187 ego,
1063 2101 1256 2190 prospiciens

270 2211 345 2296 hoc,
371 2214 403 2279 in
427 2235 535 2302 ugrum
556 2210 754 2279 Gallicanum
773 2212 988 2302 Picenumque
1013 2215 1172 2302 praemisi,
1195 2213 1256 2278 bo·

270 2329 365 2394 minis
382 2341 485 2394 motus
504 2341 698 2416 conatusque
715 2323 899 2414 prohibuit:
927 2347 1064 2415 quocum
1083 2327 1096 2364 ²
1115 2327 1157 2392 ita
1177 2327 1257 2394 milri

270 2441 471 2531 dispertitum
497 2441 635 2506 officium
666 2440 728 2505 luit
755 2440 786 2504 in
815 2441 860 2504 rei
882 2439 1029 2530 publicae
1050 2442 1149 2506 salute
1174 2446 1254 2508 reti-

268 2557 385 2635 nenda,
409 2569 445 2622 ut
469 2579 525 2645 ego
541 2555 662 2622 Urbem
686 2577 703 2618 a
728 2551 909 2620 domesticis
928 2555 1050 2620 insidiis
1071 2569 1103 2622 et
1129 2556 1171 2621 ab
1199 2557 1254 2621 in-

269 2673 382 2737 testino
417 2671 553 2748 scelere,
595 2671 648 2736 ille
680 2669 800 2734 ltaliam
829 2682 860 2734 ct
888 2669 927 2734 nb
955 2671 1082 2736 armatis
1112 2669 1256 2737 hostibus

268 2799 299 2851 et
320 2787 359 2850 ab
389 2785 512 2850 occulta
548 2787 767 2852 coniuratione
797 2783 990 2851 defenderet.
1038 2787 1091 2851 77.
1116 2783 1253 2874 ltaque³

266 2913 300 2965 ut
326 2901 485 2988 comperi,
520 2900 635 2988 legatos
673 2900 876 2988 Allobrogum
903 2900 977 2965 belli
1003 2900 1200 2988 Transalpini
1220 2916 1251 2966 et

267 3008 421 3081 turnultus
455 3009 567 3078 Gallici
602 3011 760 3079 excitandi
794 3037 884 3079 nausa
924 3037 940 3077 a
972 3015 1006 3082 P.
1033 3013 1167 3080 Lentulo
1187 3039 1252 3080 esse

268 3129 472 3212 sollicitatos,
498 3153 613 3219 eosque
638 3131 668 3195 in
694 3128 826 3194 Galliam
847 3128 884 3193 ad
913 3130 1099 3205 suoscires,
1120 3129 1252 3196 eodem-

269 3267 331 3334 que
357 3244 469 3310 itinerc
487 3267 557 3310 cum
583 3245 682 3310 literis
698 3243 917 3334 mandatisque
940 3245 979 3310 ad
1001 3243 1167 3312 Catilinam
1189 3265 1253 3310 esse

267 3359 403 3437 missos,
426 3361 638 3450 comitemque
669 3361 706 3426 iis
736 3359 919 3426 adiunctum
959 3359 996 3426 Τ.
1029 3359 1249 3441 Vulturcium,

265 3486 360 3560 atque
380 3471 456 3538 lruic
472 3473 559 3540 datas
579 3497 643 3540 esse
657 3473 696 3538 ad
722 3472 890 3541 Catilinam
919 3473 1041 3541 literas:
1069 3473 1249 3538 facultatem

265 3585 344 3650 nrihi
380 3586 516 3653 oblatam
552 3589 682 3678 putari,
718 3600 773 3670 ut,
808 3587 893 3678 quod
923 3600 990 3653 erat
1013 3587 1250 3666 difficillimum,

267 3698 416 3790 quodque
447 3725 504 3791 eqo
536 3725 659 3792 semper
688 3701 833 3792 optabam
870 3725 886 3766 a
918 3700 976 3766 diis
998 3701 1249 3781 immortalibus,

254 3867 433 3881 .-—-—--——-..

298 3963 321 4026 ι)
339 3964 363 4012 n
381 3964 471 4015 uun.
490 3966 520 4015 rr.
539 3979 559 4015 a.
579 3962 619 4016 12.
636 3965 650 4030 s
667 3962 709 4014 ae.
726 3963 790 4029 -η
809 3963 882 4027 sper.
905 3964 934 4014 ro
952 3965 978 4030 Q.
995 3963 1110 4014 uersuum
1129 3962 1168 4028 (a
1187 3961 1247 4010 rm.

266 4054 713 4123 r.2.r1.-³)nc.un.rrr.
736 4055 803 4109 sa.
824 4057 883 4122 rr.
