2940 4900
763 341 826 406 ssi

382 520 448 590 Seu
464 521 644 612 quoiquam
651 517 855 608 artifici,[ser'r
861 477 1056 608 perseriptas
1062 513 1209 606 litteras]
1222 515 1274 579 70.

335 663 411 724 Haeo
429 661 553 746 irrigata
574 672 618 722 est
637 659 738 722 lectio.
767 659 862 721 Locus
871 658 1078 732 difficillimus,
1094 639 1149 743 qni
1166 653 1276 720 medin

295 769 423 829 vexavit.
452 767 548 828 Paene
571 763 790 828 inextricabilis
815 767 850 826 in
875 785 911 826 eo
935 775 980 826 est
1004 783 1093 836 esron
1114 783 1172 824 neo
1190 759 1277 844 quid·

295 893 389 958 qsram
409 873 468 935 sere
487 873 527 934 ad
547 893 616 934 eum
635 853 835 954 honaesmgis
848 871 1015 932 attrderunt
1027 870 1214 951 interpretes5
1228 863 1277 926 nd

243 1038 248 1046 ,
296 989 398 1040 tacent
415 978 561 1064 plerique,
582 989 617 1040 ut
636 977 734 1040 solent
753 979 787 1038 in
808 977 881 1038 loeis
901 972 1148 1038 intricatiorihus.
1178 951 1279 1048 Qualis

296 1085 484 1169 negligentia
505 1085 553 1146 sel
573 1085 708 1146 socordia
728 1105 767 1146 ne
784 1081 872 1144 nohis
884 1102 1006 1166 quoque
1018 1079 1279 1164 objiciatrrr‚hgite

297 1190 420 1272 singula
446 1191 644 1252 excutiamus.
679 1189 717 1250 Et
740 1188 843 1272 palam
863 1189 987 1272 quidem
1007 1198 1066 1260 est,
1087 1185 1202 1270 opponi
1222 1181 1279 1244 sihi

297 1303 355 1354 siae
375 1295 557 1372 histrionibus
577 1305 608 1356 et
625 1316 676 1353 seu
696 1304 848 1373 quoiquam
869 1297 1182 1377 ortifioi,q1iemquam
1199 1286 1280 1353 haud

298 1399 453 1484 perspicue
473 1419 573 1483 neque
593 1421 632 1460 ex
652 1419 709 1460 usu
728 1399 825 1460 latine
843 1399 1036 1482 loquentium
1056 1397 1116 1459 hoc
1132 1397 1171 1456 sit
1187 1415 1281 1455 enun-

299 1507 425 1582 tiatum;
447 1505 506 1566 nisi
528 1504 602 1566 sorte
623 1504 679 1566 illa
699 1527 750 1566 seu
769 1516 921 1584 quoiquam
934 1505 1041 1580 artifici
1053 1499 1222 1586 parenthesi
1236 1501 1282 1560 in·

201 1683 207 1693 ¹
300 1609 420 1672 eludere
440 1609 575 1694 plaoeat5
597 1631 660 1695 qno
680 1620 782 1672 tamen
803 1608 883 1670 secto
898 1607 1130 1692 particulaesiee
1143 1607 1178 1667 in
1192 1602 1282 1666 vetii

299 1714 383 1778 nihil
398 1717 465 1800 jem
484 1717 652 1800 respondet.
681 1715 761 1794 Quid
781 1725 881 1778 autern
897 1717 964 1798 jam
983 1713 1125 1776 faciamus
1138 1709 1283 1774 cumillis

300 1845 350 1884 seu
366 1845 423 1902 per
439 1831 561 1902 scriptas
581 1829 701 1894 litteras,
722 1821 834 1906 quihus
853 1819 937 1882 nihil
946 1830 989 1882 est
1002 1820 1037 1880 in
1051 1801 1186 1902 reliquis,
1200 1814 1283 1900 quod

301 1928 495 2013 opponatur?
525 1930 591 2004 Quo
611 1947 697 1988 nune
716 1926 840 2010 quidem
860 1927 928 1988 loeo
947 1925 1100 2007 leguntur,
1121 1921 1284 1984 neoessasio

301 2044 498 2118 opponuntur
518 2033 611 2116 priori
633 2033 732 2096 vasis
752 2033 830 2116 pasti
851 2053 901 2092 seu
920 2039 1073 2110 quoiquam
1089 2031 1215 2106 artifici3
1234 2025 1282 2086 sed

301 2159 355 2222 per
374 2150 404 2200 te
424 2138 513 2199 facile
534 2138 623 2210 rides,
641 2135 1036 2215 hocesseehsusdissimum,
1049 2135 1198 2220 quonism
1210 2131 1283 2194 haee

302 2244 364 2306 duo
391 2243 490 2306 seratis
516 2241 650 2304 membra
678 2241 770 2328 plane
790 2242 896 2306 diversi
916 2255 989 2306 sunt
1007 2243 1132 2328 generis.
1165 2239 1215 2302 si
1234 2261 1283 2301 au·

302 2347 414 2432 gendes
433 2349 523 2410 etism
543 2347 733 2410 difficultates
753 2348 867 2432 duplex
887 2351 922 2412 in
942 2371 984 2412 vs.
1004 2349 1046 2410 09
1064 2359 1108 2410 est
1126 2345 1242 2424 hiatus,
1256 2355 1284 2405 et

304 2457 338 2516 in
363 2473 404 2514 vs.
426 2453 468 2516 74
489 2473 598 2537 prasus
618 2463 759 2514 accentus
777 2454 834 2516 τοῦ
853 2458 944 2534 quasi.
974 2455 1178 2537 Interpretare
1196 2451 1284 2514 mode

303 2559 405 2621 taxavi
430 2559 587 2636 inertiam
616 2557 668 2618 sed
695 2579 798 2620 eoram
818 2579 944 2621 nurnero
964 2557 1141 2622 eximendus
1161 2559 1284 2618 omnino

304 2674 348 2726 est
373 2663 418 2724 ir.
444 2661 639 2736 Ritseheiius,
665 2664 736 2748 qui,
759 2664 807 2726 vel
833 2664 919 2726 alind
940 2685 1046 2748 egnes,
1066 2684 1153 2726 susm
1174 2661 1211 2724 de
1229 2661 1285 2724 hoe

304 2771 372 2832 looo
400 2770 516 2853 aperuit
542 2771 722 2832 sententiam
747 2771 782 2832 in
809 2770 1029 2852 Prolegomenis
1056 2769 1096 2832 ad
1121 2770 1285 2830 Trinumm.

305 2899 374 2960 pag.
394 2875 529 2948 LXXXV,
550 2874 604 2936 uhi
626 2876 660 2936 in
680 2887 755 2937 nota
774 2877 818 2938 sie
836 2875 939 2938 loeusn
959 2875 1123 2960 disposuit:

407 2987 484 3062 Nam
492 2982 578 3058 siqui
585 2982 732 3042 ambissint
740 2987 869 3061 patinam
876 2985 923 3042 hic
935 2982 1117 3044 distaidaibus
1127 3005 1137 3042 .·
1146 3017 1188 3030 -

407 3093 432 3142 si
444 3087 596 3174 quoiquam
610 3089 717 3164 artifici
733 3088 786 3148 sesi
796 3109 855 3168 per
867 3097 990 3167 scriptas
1004 3089 1116 3148 litteras
1237 3085 1286 3146 70.

407 3211 458 3250 seis
476 3199 528 3282 pisi
547 3191 608 3270 lpse
627 3193 757 3254 ambissit
775 3193 826 3254 sesi
840 3215 897 3273 pes·
916 3191 1139 3253 istem'siatisssss:
1162 3263 1164 3268 Ι
1250 3219 1253 3226 ·

406 3307 464 3356 siae
482 3300 554 3358 tideo
573 3301 680 3358 aediles
696 3301 848 3376 perfidiose
869 3302 940 3377 quoi
955 3303 1058 3360 duint.-
1079 3331 1120 3348 ι-

403 3409 544 3484 sirempse
564 3410 655 3485 legem
670 3407 761 3480 jiissit
780 3428 841 3466 esse
860 3407 987 3486 lsipiter.

306 3517 362 3570 tres
388 3529 487 3570 versus
506 3508 678 3594 parenthesi
699 3510 869 3574 includens.
902 3513 950 3574 Ite
976 3523 1078 3576 sutem
1097 3533 1201 3576 ornnes
1216 3511 1289 3576 iliae

306 3629 463 3681 remanent
482 3615 687 3698 difficultates,
704 3641 780 3704 quas
791 3621 826 3682 in
840 3640 881 3683 vs.
895 3619 938 3682 70
951 3623 1070 3699 noteri3
1091 3643 1191 3706 neque
1200 3623 1290 3684 etiam

306 3743 348 3784 vs.
376 3723 435 3802 72,
454 3727 565 3788 arctius
585 3725 747 3788 cohaerens
767 3747 838 3789 enm
858 3747 900 3789 vs.
918 3725 975 3800 iiii,
998 3725 1065 3790 ullo
1083 3727 1177 3790 modo
1197 3725 1237 3789 ah
1255 3747 1289 3788 eo

308 3827 412 3888 divelli
428 3849 510 3913 posse
527 3830 652 3893 ridetur.
686 3829 833 3907 lit-brevis
852 3833 926 3906 sim,
947 3832 1134 3916 ejectoversu
1148 3831 1200 3911 70,
1210 3831 1289 3895 eodi-

307 3953 377 3996 cum
396 3955 465 3997 vero
481 3938 628 4020 scripturi
651 3958 720 4000 saro
732 3937 853 4010 relicti,
873 3941 916 4001 sie
937 3941 1039 4004 omnia
1062 3941 1211 4004 eontinuo
1228 3941 1289 4024 pla·

307 4042 429 4104 nissime
448 4041 525 4104 mihi
544 4044 684 4108 videntur
699 4043 828 4106 reddita:
