2862 4894
121 276 130 483 l

17 505 122 839 &tl

634 327 671 390 rt

209 515 250 582 X.
275 513 330 583 36.
354 511 484 583 Memini
503 511 513 554 ¹
532 533 583 578 me
616 523 687 580 ante
712 510 796 581 diem
821 513 880 584 Xll
904 513 1056 590 Kalendas
1080 522 1143 591 No·

161 629 305 698 vembres
330 628 436 696 dicere
462 629 494 694 in
521 639 649 708 senatu,
686 627 754 696 lore
786 629 817 696 in
845 633 939 700 armis
960 651 1047 702 certo
1075 638 1144 719 die,

160 745 216 835 qni
239 744 306 811 dies
332 745 457 811 laturus
474 758 552 812 esset
572 755 645 808 ante
669 740 752 810 diem
772 743 814 810 Vl
839 743 995 816 Kalendas
1006 750 1144 818 Novem-

160 862 249 936 brec,
273 858 312 926 C.
338 859 502 941 Mallium,
532 859 680 926 audaciae
701 859 868 929 satellitem
893 875 987 954 atque
1011 865 1144 934 admini-

159 985 262 1039 strum
284 973 447 1040 Catilinae.
479 973 549 1042 Non
569 995 619 1038 me
642 972 774 1054 lelellit,
795 997 858 1040 non
879 978 1032 1046 moderes
1045 991 1141 1063 tanta,

159 1099 343 1166 tamatrox,
368 1099 496 1178 tamque
506 1086 720 1168 incredibilis,
746 1111 873 1170 verum,
898 1091 1142 1184 idquodmulto

157 1201 261 1290 magis
284 1213 330 1268 est
352 1199 588 1282 admirandum,
611 1201 687 1270 dies.
710 1204 783 1272 lliri
800 1204 953 1294 egoidem
975 1208 1007 1274 in
1020 1223 1140 1293 senatu,

158 1315 332 1382 Catilinam
357 1315 484 1382 caedem
512 1320 699 1408 optimatum
722 1320 890 1386 contulisse
910 1321 940 1386 in
964 1323 1142 1390 antediem

156 1429 187 1492 V
204 1429 360 1496 Kalendas
383 1431 592 1515 Novembres,
623 1449 710 1515 tum,
743 1457 841 1526 quum
861 1435 953 1502 multi
980 1439 1140 1528 principes

158 1545 297 1610 civitatis
317 1546 416 1612 Roma
440 1570 502 1614 non
531 1561 594 1615 tam
624 1551 671 1616 sui
699 1550 919 1629 conservandi,
944 1573 1038 1640 quam
1060 1553 1142 1618 illius

156 1659 364 1726 consiliorum
399 1662 672 1751 reprimendorum
703 1684 793 1728 cansa
825 1661 1040 1751 profugerunt.
1088 1670 1139 1731 37.

159 1775 222 1840 Sed
241 1773 254 1810 ²
272 1773 352 1839 nibil
375 1776 503 1864 agebat,
527 1775 608 1840 nihil
632 1773 840 1856 moliebatur,
866 1775 947 1840 nihil
973 1779 1142 1866 cogitabat,

160 1889 245 1979 qnod
265 1913 323 1980 ego
347 1913 409 1956 non
431 1889 525 1957 modo
553 1913 614 1956 non
637 1887 794 1967 audirem,
822 1889 874 1955 sed
902 1890 996 1956 etiam
1016 1913 1077 1955 non
1097 1891 1143 1956 ri·

158 2004 288 2085 darem,
324 2005 479 2095 planeque
513 2005 673 2072 sentirem.
722 1999 986 2070 Num⁸iolltiari
1019 2003 1142 2093 potuit,

157 2142 190 2184 se
219 2118 273 2184 illo
294 2119 363 2209 ipso
379 2118 430 2185 die
449 2119 527 2184 meis
540 2119 720 2210 praesidiis,
749 2143 818 2187 mea
830 2117 993 2208 diligentia
1009 2121 1143 2186 circum·

157 2233 301 2316 clusum,
331 2256 526 2301 commovere
548 2258 580 2300 se
607 2247 715 2302 contra
740 2257 804 2301 rem
822 2235 983 2326 publicam
1004 2255 1066 2300 non
1083 2257 1143 2323 po-

159 2349 274 2429 tuisse,
300 2371 398 2438 quum
420 2351 504 2440 ipse,
529 2347 663 2416 discessu
688 2361 886 2432 ceterorum,
910 2361 1015 2416 nostra
1038 2361 1141 2414 tamen

155 2463 218 2552 qui
239 2465 506 2544 remansissemus,
531 2461 625 2530 caede
647 2476 829 2530 contentum
852 2487 884 2530 sc
904 2487 968 2530 esse
987 2461 1138 2528 dicebat?

157 2575 273 2663 Quid?
297 2600 395 2666 quum
420 2601 451 2644 se
478 2577 642 2644 Praeneste
658 2576 805 2654 Kalendis
818 2578 893 2667 ipsis
912 2575 1140 2642 Novembribus

154 2704 387 2780 occupaturum
404 2701 558 2758 nocturno
570 2693 691 2782 impetu
703 2715 767 2758 esse
784 2689 971 2758 confideret:
997 2689 1140 2766 semitae,

154 2807 245 2874 illam
259 2805 410 2873 coloniam
425 2829 493 2872 meo
506 2807 588 2872 iussu
603 2807 679 2872 meis
691 2804 865 2894 praesidiis,
889 2801 1050 2883 custodiis,
1066 2801 1142 2889 tigi-

157 2921 347 3010 liisqueesse
360 2921 542 2988 munitam?
567 2925 623 2986 38.
640 2917 701 2984 Sed
720 2919 732 2956 ⁴
753 2919 805 2984 illc
828 2931 863 2983 ut
877 2918 960 2983 ritiis
973 2918 1035 2982 suis
1047 2938 1140 2982 com·

157 3045 350 3113 moveretur,
360 3047 396 3100 ut
405 3033 507 3122 legum
519 3057 634 3124 poenas
644 3036 889 3122 pertimesceret,
899 3045 934 3098 ut
948 3031 1142 3122 temporibus

158 3148 364 3238 reipublicae
384 3146 588 3226 concederat,
613 3145 674 3213 nnn
687 3163 755 3216 erat
767 3145 1003 3238 postulandum.
1031 3147 1143 3236 Neque

160 3264 291 3328 animis
315 3263 375 3327 luit
401 3259 554 3339 Catilina,
578 3273 615 3326 ut
635 3263 737 3351 ipsum
759 3275 813 3326 aut
836 3259 976 3351 pudora
1001 3261 1142 3349 turpitu-

158 3377 247 3458 dine,
272 3389 326 3443 aut
344 3387 469 3444 rnetusa
483 3374 638 3464 periculo,
661 3387 714 3440 aut
727 3375 808 3441 ratio
824 3374 957 3440 alurore
970 3385 1141 3440 revocaret.

204 3605 265 3672 Xl.
292 3610 347 3674 39.
373 3605 498 3671 Etenim
516 3604 530 3642 ⁵
551 3601 729 3669 videbamus
750 3602 917 3668 Catilinam
937 3601 1056 3667 interea
1077 3601 1144 3666 ala·

158 3743 244 3786 crem
268 3731 365 3809 atque
386 3718 523 3798 laetum,
549 3717 697 3807 stipatum
724 3715 820 3784 choro
839 3716 1027 3796 iuventutis,
1052 3715 1143 3782 ralla·

148 3889 294 3904 5-——ua

191 3983 217 4046 ¹)
235 3979 295 4030 lbid.
313 3993 334 4029 c.
353 3975 380 4028 3.
396 3977 410 4042 §
426 3977 450 4029 7,
469 4006 501 4015 -
520 3975 547 4046 2)
563 3977 622 4030 lbid.
640 3979 654 4046 ᾗ
670 3976 695 4028 8.
714 4007 746 4018 -
765 3979 789 4044 ³)
808 3979 866 4049 lbid.
883 3979 897 4046 ᾗ
913 3977 936 4032 7.
956 4007 989 4018 -
1007 3978 1029 4042 ⁴)
1050 3977 1107 4026 lbid.
1125 3991 1146 4024 e,

155 4073 181 4123 9.
200 4074 214 4138 ᾗ
232 4069 276 4121 22.
295 4098 330 4109 -
348 4069 372 4134 ⁵)
388 4085 428 4132 pto
446 4071 539 4120 ldnrenc
555 4087 576 4124 c.
595 4069 665 4138 24.§
682 4068 734 4131 49,

1017 4167 1035 4226 2
