2772 4902
575 333 618 394 03

130 517 208 584 cora.
221 515 380 584 Alexandri
394 529 488 582 aetas.
504 516 671 584 Accedunt
685 519 778 584 rerba
789 515 921 584 Suidae:
935 506 1087 590 ³Hrd'a's

128 633 227 720 Ῥώμῃ
239 637 287 701 r‘rrl
296 637 364 701 τῶν
377 632 495 700 Σύλλα
506 639 631 722 χρόνων
644 637 700 701 καὶ
712 635 859 709 tetrade,
871 633 942 698 satis
951 633 1031 700 mire
1039 654 1090 697 ac·

126 760 201 832 cepta
217 769 233 808 a
257 743 418 826 llanchio,
448 758 596 835 tanquam
612 746 722 811 uixerit
736 745 908 811 Alexander
921 767 987 834 per
1003 743 1089 810 Sut-

127 859 194 924 lrmrr
218 869 366 950 tempora
397 870 429 924 et
452 882 554 949 usque
584 862 632 924 ud
669 862 769 924 illius
792 859 975 947 facinora.
1022 858 1090 924 Imo

125 970 206 1038 Snida
224 985 297 1040 teste
322 975 418 1039 etiarn
428 986 511 1062 post
534 971 639 1040 Sullae
653 987 788 1040 aetatem
810 973 987 1040 Alexander
1004 973 1089 1039 vixit.

127 1088 195 1171 linae
226 1111 273 1153 res
301 1091 425 1177 egregie
452 1090 601 1178 probatur
634 1087 812 1154 testimonio
847 1085 1005 1164 Suetonii,
1037 1087 1090 1152 cui

128 1199 200 1266 nulli
226 1201 319 1268 iidem
360 1226 421 1268 non
446 1203 602 1283 habuere,
636 1203 721 1292 quod
757 1203 838 1272 male
874 1201 1090 1290 intelligebant

126 1311 250 1396 Snidam,
273 1315 451 1386 dicentem:
479 1306 553 1387 ³Hs
571 1320 606 1386 da*
625 1323 847 1428 ypuppuprsdc
870 1324 938 1388 τῶν
961 1325 1092 1403 Κράτη-

127 1457 168 1508 rue
182 1439 353 1518 μαθητῶν.
392 1431 476 1498 llaec
495 1433 580 1496 enim
597 1453 694 1520 quum
721 1433 847 1498 Vossius
867 1433 1090 1519 interpretatus

128 1543 171 1606 dt:
192 1543 277 1610 ruit
307 1569 387 1610 uero
402 1550 672 1635 grammaticus,
702 1544 855 1613 Cratetis
881 1546 1091 1632 discopertus,

128 1658 198 1724 ecce!
227 1661 366 1725 clamant
389 1683 495 1726 omnes
525 1660 736 1726 Alexandrum
757 1661 852 1726 luisse
877 1659 1011 1724 Cratetis
1038 1679 1092 1722 au·

129 1768 256 1856 litorem,
284 1773 419 1840 clamant
432 1775 485 1840 alii
503 1775 580 1839 lulso
597 1775 691 1840 scribi
704 1773 743 1840 de
753 1773 788 1839 (l.
801 1773 861 1840 lul.
873 1773 998 1861 Hygino
1008 1769 1091 1860 apud

132 1879 310 1957 Suetonium:
338 1887 524 1955 »Studiose
539 1903 571 1954 et
586 1885 687 1977 audiit
703 1899 735 1952 et
745 1893 902 1952 imitatus
920 1897 972 1952 est
991 1883 1094 1952 Corn.

137 1997 363 2080 Alexandrum,
384 2007 649 2094 grammaticum
675 2002 840 2070 Graecum
866 2002 910 2066 ¹.'’
948 2001 1093 2066 Profecto

132 2115 206 2181 solitos
222 2121 309 2183 ritae
325 2117 480 2184 humanae
498 2119 645 2184 terminos
658 2119 844 2194 excessisset,
857 2115 1094 2207 quidiscipulus

129 2224 227 2298 mnam
240 2231 286 2297 ab
306 2232 412 2298 Attalo
425 2234 509 2298 missi
528 2233 587 2298 sub
609 2233 646 2300 d.
668 2232 711 2300 U.
739 2235 800 2298 587
820 2232 952 2298 Cratetis
967 2230 1004 2307 ²,
1027 2231 1093 2319 ipse
1170 2229 1181 2290 ἴ

127 2361 292 2436 praeceptor
304 2347 413 2412 luisset
439 2347 571 2436 Hygini,
595 2369 723 2438 quemn
747 2346 779 2415 J.
806 2347 935 2414 Caesare
959 2347 1092 2412 Romam

128 2455 277 2526 rdductum
307 2461 488 2528 manumisit
510 2464 677 2550 Augustus.
711 2463 908 2554 Quapropter
925 2463 994 2528 loco
1014 2459 1094 2526 Sue·

126 2571 184 2636 lonii
206 2575 250 2642 rel
268 2575 416 2664 jejunam
440 2575 606 2642 lectionem
631 2586 663 2640 et
683 2578 785 2642 avr'ole
809 2577 1014 2645 reuocandam
1040 2577 1086 2640 rel

124 2685 194 2752 rerba
215 2699 246 2754 et
266 2690 387 2754 audiit
402 2689 557 2776 ejicienda
575 2705 764 2756 censuerunt
784 2691 811 2759 ³.
857 2689 918 2756 Sed
939 2690 1022 2754 salrn
1042 2711 1092 2754 xes

124 2809 172 2876 ut,
193 2803 286 2868 modo
308 2800 424 2870 Suidne
448 2805 664 2870 testimouium
687 2818 772 2870 recte
796 2806 995 2894 accipiamus.
1041 2802 1092 2869 ln·

123 2911 204 2980 stituit
234 2917 368 3000 Grates,
403 2917 489 3007 quod
527 2919 630 2984 sciunt
666 2941 788 2996 omnes,
823 2919 974 2984 illustrem
1006 2917 1091 2984 illam

124 3023 239 3095 scholam
275 3033 519 3119 Pergamenum,
561 3033 591 3096 in
628 3054 688 3120 qua
732 3032 876 3097 inclaruit
912 3045 982 3122 post
1020 3055 1092 3100 eum

124 3131 274 3208 llerorlicus
296 3144 511 3234 Babylonius,
531 3147 704 3212 inclaruere
720 3147 898 3226 Tauriscus,
916 3146 1092 3214 Zenodotus

123 3253 208 3320 minor
222 3261 340 3347 aliique
360 3261 392 3323 ⁴.
426 3261 488 3324 llos
500 3270 669 3350 Κράτητος
683 3269 838 3350 μαθητὰς
859 3262 899 3326 nb
919 3263 1093 3327 Alexandro

126 3374 253 3400 *ξι-

150 3453 170 3514 l)
184 3456 205 3504 l.
216 3457 237 3507 l.

148 3543 170 3608 1)
184 3549 215 3600 Gi.
241 3553 350 3616 Wegener
367 3554 398 3603 de
412 3557 465 3604 nul.
483 3557 563 3606 Attal.
582 3573 608 3617 p.
623 3553 659 3604 56
676 3575 700 3606 n.
718 3555 750 3618 7,
767 3573 790 3618 p.
810 3553 858 3603 121
878 3571 902 3602 n.
921 3552 946 3602 6.
972 3554 1042 3601 ddum
1063 3571 1090 3614 p.

125 3635 163 3688 ¹23
176 3659 199 3696 tt.
216 3645 247 3695 to
263 3649 374 3698 Cretam
391 3649 484 3712 conjicit
502 3651 596 3698 Romam
614 3651 738 3713 proiectum
756 3665 805 3698 erro
821 3651 921 3714 legatum
939 3649 1019 3697 aetatis
1037 3665 1098 3696 auno

126 3731 153 3779 ⁴5
165 3747 226 3801 utque
242 3743 325 3792 obiisse
342 3755 421 3792 nrturn
439 3761 511 3792 annor
528 3741 571 3804 70,
590 3749 617 3794 A.
635 3743 659 3793 0,
679 3741 738 3791 112.
773 3743 818 3790 Sed
835 3741 923 3790 etiamsi
940 3741 1016 3789 multis
1034 3740 1100 3788 annis

125 3837 165 3882 ΙΝ
179 3841 201 3879 ct
216 3833 296 3884 vixerit
313 3845 337 3886 et
353 3837 458 3886 docuerit
474 3839 567 3900 Gruter,
585 3838 709 3888 Alexandri
727 3853 776 3886 erre
792 3847 921 3901 praeceptor
946 3853 991 3884 non
1019 3835 1098 3898 potnit.

154 3917 174 3982 ³l
189 3925 218 3974 Gi.
236 3929 350 3979 llxnulriur
367 3949 393 3993 p.
414 3929 431 3980 9
448 3948 487 3995 sq.

154 4011 173 4077 ⁴)
189 4017 295 4073 liecenset
311 4041 349 4072 eor
367 4025 478 4088 tregua
496 4044 522 4088 p.
539 4023 587 4074 154
605 4043 671 4088 rqq.,
692 4035 781 4087 propter
799 4012 977 4074 Suidam'etiam
989 4023 1097 4072 Aternu-

134 4103 168 4151 dffl
186 4112 281 4166 Mitem
298 4118 370 4166 locum
388 4119 475 4170 cedens.
