2862 4894
513 1553 643 1621 LIBER
666 1553 860 1623 TERTIUS.

218 1751 249 1816 l.
283 1749 319 1811 l.
351 1725 473 1831 Itaque
491 1741 524 1822 ¹,
548 1754 585 1807 ut
607 1742 699 1807 initio
723 1739 823 1823 mihi,
848 1738 1009 1828 designato
1033 1743 1175 1825 consuli,

179 1860 415 1938 nuntiabatur,
433 1857 532 1945 legem
548 1857 700 1946 agrariam
720 1854 863 1922 tribunos
881 1855 983 1944 plebis
1006 1855 1179 1945 designatos

184 1977 417 2053 conscribere,
442 1971 626 2062 cupiebam,
650 1969 726 2060 qnid
758 1969 953 2058 cogitarent,
977 1993 1176 2061 cognoscere.

177 2094 316 2162 Etenim
343 2087 539 2165 arbitrabar,
565 2087 713 2176 quoniam
737 2083 849 2150 eodem
872 2105 954 2150 anno
976 2083 1104 2174 gerendi
1125 2107 1180 2151 no·

177 2210 225 2276 bis
249 2216 371 2276 essent
389 2203 603 2290 magistratus,
619 2223 683 2266 esse
699 2198 836 2288 aliquem
860 2213 1004 2289 oportere
1027 2183 1180 2268 internos

175 2324 221 2389 rei
238 2319 407 2412 publicae
422 2316 502 2382 bene
521 2314 782 2380 administrandae
798 2317 990 2385 societatem.
1022 2317 1052 2382 2.
1075 2318 1178 2402 Quum

174 2434 394 2503 familiariter
417 2453 467 2497 me
487 2431 519 2496 in
540 2453 649 2496 eorum
670 2453 843 2497 sermonem
861 2432 1051 2498 insinuarem
1074 2453 1110 2497 ao
1125 2431 1180 2496 da-

174 2575 264 2631 rem;
294 2545 449 2626 eelabar,
473 2544 677 2626 excludebat,
702 2557 753 2624 et,
784 2567 882 2634 quum
914 2544 1129 2623 ostenderem,
1154 2546 1180 2610 si

174 2665 227 2732 lex
253 2661 356 2729 utilia
375 2658 461 2749 plebi
479 2658 637 2725 Romanae
655 2659 733 2726 mihi
749 2658 926 2744 rideretur,
951 2673 1111 2726 auctorem
1127 2681 1179 2726 me

174 2791 282 2869 atque
312 2772 492 2840 adiutorem
515 2773 675 2842 futurum:
703 2786 807 2840 tamen
828 2775 1074 2864 aspernabantur
1097 2773 1179 2841 hano

174 2889 417 2960 liberalitatem
440 2909 563 2954 meam:
590 2886 765 2976 negabant,
791 2910 841 2954 rue
871 2887 985 2954 adduci
1014 2912 1119 2978 posse,
1144 2901 1181 2956 ut

175 3008 288 3074 ullam
330 3002 526 3091 largitionem
562 3000 741 3090 probarem.
790 3004 902 3070 Finem
937 3003 998 3070 leoi
1034 3004 1182 3076 offerendi

175 3124 273 3201 mei,
306 3139 349 3183 ne
372 3117 452 3182 lorte
467 3138 546 3181 vmen
561 3115 724 3181 ‘sedulitas
747 3129 800 3183 aut
824 3117 971 3184 insidioso
994 3131 1048 3185 aut
1072 3122 1183 3208 impu-

176 3235 265 3300 dens
303 3229 476 3296 rideretur.
527 3231 652 3296 Interea
685 3253 746 3296 non
779 3231 968 3298 desistebant
999 3234 1078 3299 clem
1103 3236 1185 3299 inter

176 3372 213 3415 se
240 3344 438 3425 conuenire,
461 3344 597 3434 privatos
617 3345 767 3435 quosdam
784 3345 946 3424 adhibere,
967 3347 1005 3411 ad
1022 3369 1092 3412 suos
1115 3367 1186 3411 ooe·

177 3479 236 3534 ms
265 3457 415 3525 occultos
439 3470 566 3526 anetem
582 3458 751 3549 adiungere
770 3472 802 3526 et
824 3461 1033 3528 solitudinem.
1064 3459 1185 3546 Quibus

178 3578 292 3645 rebus
319 3585 434 3660 quanto
456 3573 489 3637 in
514 3585 600 3640 metu
623 3575 798 3654 fuerimus,
823 3597 859 3640 er
889 3578 1006 3642 oinium
1030 3551 1187 3641 sollieitu-

179 3693 297 3770 dine,
325 3685 358 3750 in
389 3709 451 3775 qua
473 3687 533 3753 illis
565 3689 759 3779 temporibus
792 3690 938 3770 luerunt,
968 3691 1060 3756 facile
1085 3687 1187 3778 quiris

182 3800 330 3892 assequi
354 3802 531 3869 coniectura
562 3815 698 3892 poterat.
745 3809 776 3872 3.
800 3801 913 3870 lneunt
937 3801 1061 3872 tandem
1086 3799 1188 3889 magi·

184 3959 370 3978 ο---μ

226 4057 256 4122 t)
279 4053 316 4100 rle
334 4049 353 4098 l.
370 4051 457 4114 larario
474 4055 503 4104 ll.
521 4071 542 4104 e.
560 4053 585 4104 5.
635 4053 676 4102 ll.
