2772 4902
603 325 644 390 79

134 527 222 580 tamen
249 533 289 580 ne
305 510 353 578 illi
378 506 505 600 quidem
531 511 587 576 riri
600 509 799 576 eruditissimi
821 511 1011 600 negaverint,
1031 535 1098 603 any·

133 629 232 708 atsria,
255 628 280 692 si
306 626 353 692 rel
376 625 463 692 nulle
485 624 543 690 elia
570 647 622 704 re,
659 646 749 690 sensu
772 636 857 690 uerte
876 625 1036 715 religionis
1065 640 1097 694 et

131 763 201 832 ques
223 761 294 808 unm
327 739 382 806 illo
410 757 501 804 sensu
534 751 607 804 sunt
642 738 811 824 ooujunote
840 737 973 805 ferendo
1002 753 1098 830 etque

130 853 239 937 alendo,
262 852 497 944 antiquioribus
518 853 653 918 maxime
680 851 886 940 temporibus,
903 873 1098 943 summopore

132 971 246 1037 Graecia
256 970 426 1060 profuisse,
446 990 505 1033 neo
527 969 684 1032 immerito
695 965 777 1032 benc
796 964 828 1030 in
852 966 889 1032 iis
904 967 997 1032 luisse
1011 990 1100 1035 usur·

131 1095 222 1172 palem
244 1083 436 1150 formulam:
461 1086 586 1168 ἔφυγον
603 1087 725 1161 eunde,
741 1071 840 1170 sipon
865 1089 1004 1169 ἄμεινον
1028 1077 1050 1148 ¹·

166 1199 368 1266 leoeeeerttut
389 1197 438 1262 bis
461 1195 605 1262 omnibus
620 1196 789 1262 oertomins
801 1194 842 1260 de
861 1194 948 1263 nullo
971 1219 1031 1262 nun
1049 1221 1102 1288 qe·

133 1335 193 1377 nere
215 1325 283 1378 turn
313 1301 455 1400 oorporie
483 1323 550 1378 turn
581 1311 675 1378 aniani
697 1311 836 1392 uirtutis,
864 1331 936 1377 cum
961 1312 1105 1379 omnibus

130 1439 235 1494 nutum
252 1448 322 1492 non
339 1427 425 1492 lestis
439 1427 627 1514 conjuncta,
643 1437 676 1491 et
691 1425 810 1514 optima
828 1447 971 1515 quaeque
982 1426 1100 1508 studia,

34 1527 42 1550 '
134 1538 220 1604 laudis
243 1552 277 1606 et
303 1537 433 1604 bononis
456 1540 605 1615 maxima,
628 1541 743 1606 mirum
766 1540 797 1605 iu
814 1538 942 1607 modum
963 1543 1105 1632 prolecto

133 1653 238 1722 alentio.
293 1651 425 1742 Egregie
454 1654 520 1742 ipse
548 1652 644 1720 Solon
668 1655 749 1744 apud
786 1655 958 1720 Luoianum
983 1649 997 1687 ²
1024 1653 1100 1724 bueo

135 1765 1102 1858 uplioatostenditqueaemulationemdesoronsadreliqnarn

141 1903 241 1971 quoque
255 1881 362 1948 ‘ritem
384 1895 417 1946 et
439 1878 477 1946 ad
491 1902 598 1948 omues
615 1880 692 1948 eden
707 1881 791 1947 sires
807 1881 973 1970 pertinere.
1012 1882 1102 1950 (linos

143 1995 202 2062 uba
217 1996 307 2063 bene
328 1993 368 2060 de
391 1993 493 2083 patria
518 1994 624 2061 meriti
651 1996 684 2060 in
707 1995 794 2061 festis
816 1994 951 2083 publicis
974 2017 1102 2062 eorona-

139 2106 247 2192 laetnr,
289 2107 373 2198 quod
407 2113 519 2198 quanti
545 2109 655 2187 luerit,
688 2107 737 2174 rel
760 2131 795 2174 er
825 2108 1043 2176 llemostbenis
1069 2124 1101 2178 st

135 2223 285 2292 turbinis
312 2221 496 2290 decorose
523 2223 715 2289 orationibus
742 2223 940 2312 intelligitur:
969 2225 1100 2292 fortissi-

131 2339 176 2402 uis
200 2339 453 2430 quibuscunque
483 2339 569 2428 prior
593 2340 623 2402 in
654 2339 691 2402 iis
720 2337 932 2428 assignabantur
951 2338 1037 2407 loous
1070 2327 1101 2402 ³:

132 2449 345 2524 Tbsrnistoeles
360 2467 430 2543 post
447 2454 610 2520 riotorianr
623 2450 771 2518 dsPersis
786 2467 975 2542 reportatam
992 2452 1099 2542 Olym·

129 2567 189 2654 piae
216 2569 437 2636 dulcissimum
471 2591 504 2634 ao
530 2569 682 2634 invertisse
703 2567 858 2657 professus
880 2581 926 2634 est
954 2567 1098 2634 laborum

130 2684 318 2768 preemiurn,
337 2703 416 2772 quos
431 2703 490 2772 pru
507 2681 638 2753 Hellade
652 2681 844 2746 sustinuisset
864 2671 898 2744 *ι
916 2682 993 2770 quin
1010 2688 1100 2768 dysi-

130 2823 173 2874 ης
194 2805 295 2886 lapsi,
333 2809 369 2863 ut
386 2797 454 2885 janu
481 2795 632 2878 diximus,
662 2796 709 2860 illi
734 2809 854 2863 tanturn
887 2796 1099 2877 sonabantur,

130 2923 250 2939 ——nm

129 2971 194 3020 edltsr
214 2971 336 3037 Supplern.
354 2969 405 3020 2⁴³.
419 2973 472 3022 ttatt
490 2991 515 3035 p.
533 2969 584 3020 255
601 2991 655 3036 sqq.
669 2981 692 3020 st
708 2974 834 3034 nuperrime
849 2972 973 3033 llermnuu,
993 2974 1097 3022 Gotteed.

130 3065 220 3116 lltsrtb.
237 3088 265 3131 p.
283 3063 333 3116 278
348 3083 403 3130 sqq.
644 3051 646 3054 Ι

157 3159 176 3220 Ι)
193 3161 233 3208 ct.
245 3179 273 3206 r.
290 3159 378 3208 lluaade
395 3160 477 3208 notan
497 3177 541 3208 ran
560 3161 643 3224 Polyb.
664 3178 690 3222 p.
714 3157 763 3208 142
777 3175 815 3222 eq.
835 3167 858 3207 st
883 3159 944 3222 quud
961 3161 991 3208 ad
1009 3175 1100 3209 aeneum

128 3249 236 3315 subponis
251 3255 349 3314 attinet,
366 3253 511 3302 memorabile
521 3252 592 3315 ipsius
607 3252 701 3302 Neronia
717 3253 775 3316 apud
793 3251 889 3300 Sueten.
909 3249 942 3302 34
956 3254 1100 3316 exemplum:

129 3343 304 3408 leasqn'natioue
316 3345 406 3408 quidam
418 3345 540 3405 Graeciae,
554 3344 672 3394 Eleusiniis
688 3344 769 3406 saorla,
787 3361 883 3407 quornm
895 3345 1021 3396 initiatione
1040 3348 1102 3410 impii

126 3444 147 3482 et
159 3437 263 3486 aaelnati
278 3453 333 3486 roos
345 3438 461 3500 praeeonis
479 3445 663 3501 summoventur,
680 3437 789 3486 inureeee
805 3453 852 3486 non
866 3455 935 3486 aurun
951 3449 997 3487 est.

158 3527 179 3592 ι)
199 3533 232 3580 ns
248 3519 368 3594 tynam.
389 3531 433 3581 15.
454 3533 498 3582 us.
520 3532 605 3581 senen
626 3532 654 3580 as
673 3531 772 3580 senno.
786 3531 815 3581 r.
838 3529 868 3596 3,
885 3533 913 3580 aa
928 3533 1045 3597 otynpioo
1058 3533 1102 3582 tn.

129 3619 198 3679 unat·
213 3624 351 3688 oertamine,
369 3625 398 3674 ad
412 3623 554 3674 excitandam
569 3626 668 3688 oorporis
682 3624 797 3688 enimiqus
812 3625 917 3675 rietatem
934 3626 1102 3690 ellioaslseisno,

131 3711 209 3778 lellej.
232 3717 322 3766 Petere.
335 3720 358 3767 l.
371 3715 400 3775 8;
417 3719 516 3768 llootim
535 3723 566 3766 Α.
577 3718 607 3767 da
619 3719 713 3784 turgt,
733 3719 827 3767 l'indar.
839 3735 866 3781 p.
885 3717 919 3766 43
928 3735 996 3785 sqq.;
1012 3721 1106 3771 lleusdi'n

131 3804 200 3854 tina.
214 3825 239 3870 p.
259 3809 275 3858 'l
290 3827 328 3874 eq.

162 3897 184 3958 ³)
205 3901 313 3965 Polyaen.
326 3903 427 3969 δίκας.
438 3905 484 3954 ΙΙΙ.
495 3904 525 3954 9.
538 3904 579 3963 313
588 3907 618 3970 Q.
629 3905 758 3954 CurtiuaX.
770 3903 798 3956 3.
809 3903 835 3960 ὃς
849 3905 966 3954 l’lutarolr.
977 3906 1047 3953 ttsx.
1059 3903 1103 3955 nt.

161 3995 185 4058 ⁴)
205 3995 269 4044 t’tut.
281 3997 392 4046 Thsnist.
407 3997 452 4048 17.
467 3999 527 4046 ldent
542 4000 570 4048 de
589 3999 759 4061 Philopoemene
779 4001 801 4046 in
822 4000 922 4048 Nomneis
931 4007 1034 4046 narratur
1043 3997 1101 4057 apud

136 4083 196 4134 lllat.
209 4087 298 4153 ttitop.
315 4089 358 4137 ll.
371 4091 408 4137 (ll.
423 4091 522 4140 l’auean.
540 4091 604 4140 llll.
625 4091 670 4140 50.
