2976 4900
797 369 860 436 lii

337 559 571 626 recrearem
589 583 607 624 a
626 559 769 625 Corfinio
787 577 859 650 preat
874 561 1040 628 meridiem
1053 561 1234 651 proiectum
1253 585 1314 628 esso

401 671 453 764 [it
471 690 517 740 est
533 669 739 764 Feralibue]‚
761 695 828 764 quo
844 674 985 740 Canusio
1002 697 1097 741 mano
1116 675 1312 766 Ponrpeium.

402 788 451 853 Eo
470 788 567 854 modo
588 803 697 852 autem
715 785 860 852 ambulat
881 789 997 856 Caesar
1017 805 1051 854 et
1071 790 1109 854 iir
1124 789 1215 856 dict‘rc
1231 787 1313 854 ruili-

358 979 413 1066 Ι91.
432 980 460 1028 id
474 987 523 1038 ert,
544 979 681 1040 feraliter,
702 976 758 1028 elne
777 977 849 1028 uncis
867 1007 904 1016 -
922 979 966 1028 22.
988 983 1017 1028 tir
1034 981 1115 1028 diariis

1070 1089 1274 1101 ----.--.--.--v

413 1153 595 1226 exspectaret
614 1141 809 1226 (ep.1t,1),
831 1142 954 1205 ethaeo
974 1143 1099 1228 epistola
1121 1143 1240 1227 aliquot
1255 1143 1315 1203 δίο)

405 1245 468 1308 bur
489 1258 560 1310 ante
580 1248 681 1309 lionae
701 1249 819 1310 llartiar
839 1249 1024 1333 scriptasit,
1051 1269 1102 1308 nce
1121 1260 1223 1309 orum
1243 1258 1313 1330 puto

412 1374 429 1412 e
449 1373 512 1414 mn.
532 1353 682 1415 scribendi
703 1355 883 1439 compendio
899 1375 955 1438 pro
971 1359 1077 1414 Nonae.
1112 1351 1313 1414 confirmatur

413 1457 487 1520 baec
514 1459 686 1522 emendatio
714 1462 769 1539 iis,
796 1483 874 1545 qnae
903 1462 1037 1524 Atticm
1066 1460 1226 1536 dicentem.
1243 1459 1313 1520 iacit

411 1568 436 1645 ς.
457 1564 491 1637 2,
519 1586 618 1649 neque
645 1565 782 1644 obstant,
812 1588 889 1652 quae
916 1588 961 1650 ep.
987 1566 1024 1627 16
1049 1577 1124 1628 extr.
1150 1565 1309 1648 leguntur:

412 1675 483 1732 Cum
505 1673 574 1731 haec
594 1673 749 1734 scribebam
770 1675 826 1735 IV
842 1673 943 1733 Nonas
964 1681 1020 1732 iam
1042 1671 1245 1750 exspectabam
1264 1677 1313 1730 atr-

411 1782 483 1856 qur'd
509 1799 528 1837 a
556 1780 718 1842 Brundisio.
758 1779 822 1853 laur
852 1778 936 1856 vide,
964 1799 1057 1862 quarn
1084 1779 1201 1860 egregie
1231 1798 1313 1838 nunc
1444 1779 1445 1798 ¹

411 1885 515 1946 omnia
530 1883 723 1946 cohaereant:
746 1881 922 1945 Certaminis
942 1883 1057 1946 exitum
1071 1885 1145 1944 scire
1160 1904 1248 1958 are03
1263 1881 1309 1943 sed

409 1991 513 2074 pancir
532 1989 580 2050 hia
599 1989 706 2050 diebus
728 1991 868 2052 rcietnun
890 2009 963 2052 narn
982 1990 1089 2050 Caesar
1109 1989 1242 2050 festinat

328 2095 377 2156 2l.
400 2095 446 2175 [id
469 2110 513 2154 ert
540 2095 714 2176 Feralibus}
753 2095 868 2156 Feralia
891 2116 943 2156 reu
964 2094 1134 2156 Parentalia
1154 2093 1311 2177 placandis

406 2198 467 2260 diis
493 2195 631 2261 llanibur
661 2197 889 2262 celebrabantur
919 2221 948 2262 a.
974 2200 1005 2264 d.
1036 2200 1077 2262 tt
1102 2199 1171 2260 tat.
1195 2199 1312 2262 liertiae
1340 2235 1344 2246 ·

408 2305 457 2388 (21
482 2327 521 2366 m.
538 2305 651 2387 lehn),
675 2318 710 2368 ut
732 2319 850 2368 constat
865 2329 881 2370 e
901 2307 1086 2368 calendarii·
1104 2307 1266 2368 Uelleiano
1284 2318 1310 2368 et

407 2411 602 2490 tunctunc,
621 2433 716 2496 eoque
734 2415 784 2474 die
807 2415 982 2498 Pompeium
999 2415 1130 2475 Canusio
1144 2413 1308 2498 profectum

405 2537 466 2581 erse
490 2519 601 2580 iterum
625 2531 766 2582 narratur
787 2541 836 2604 ep.
857 2521 914 2592 ll,
936 2521 968 2597 1,
989 2521 1024 2592 i,
1051 2519 1104 2582 ubi
1124 2519 1215 2582 Vllll
1237 2531 1310 2582 recte

406 2623 507 2697 scribi,
519 2643 584 2686 uon
596 2623 679 2697 vlit,
689 2623 773 2687 lucili
789 2627 1015 2709 computatione
1028 2623 1187 2687 evincitur.
1205 2627 1308 2710 ltaque

405 2728 479 2792 baec
515 2749 580 2792 vere
611 2729 780 2804 adduntur,
816 2732 866 2792 ted
896 2741 997 2792 tamen
1026 2751 1091 2794 non
1122 2753 1140 2792 a
1168 2733 1308 2794 Cicerone

405 2838 470 2919 ipro
498 2837 629 2921 profecta
655 2839 805 2900 videntur.
850 2839 1006 2922 Propterea
1035 2839 1158 2898 uncinit
1184 2839 1305 2899 inclusi.

404 2943 480 3002 llam
501 2963 557 3003 acc
576 2963 631 3004 ruo
650 2925 719 3004 loco
736 2947 934 3028 positarum,
958 2965 1014 3006 noc
1033 2965 1108 3028 opus
1128 2957 1192 3009 erat
1208 2945 1308 3006 Attico

404 3047 485 3108 diem
504 3047 640 3112 indicare
656 3050 864 3132 probotionis,
883 3053 938 3135 qni
957 3052 1069 3114 llomne
1084 3061 1151 3112 tum
1166 3050 1306 3112 omnibus

324 3193 326 3198 -
403 3163 493 3216 notua
518 3163 590 3214 erat.
629 3153 731 3216 Verbis
757 3167 858 3218 autern
888 3162 921 3214 id
946 3171 990 3216 err
1022 3143 1108 3238 saepe
1130 3155 1305 3238 glcrrernata

404 3263 506 3346 prodi,
530 3265 626 3325 critici
645 3259 823 3326 docuenrnt.
865 3265 907 3326 cf.
935 3263 1118 3327 llulrni.'rrl
1144 3265 1219 3328 Vell.
1243 3265 1304 3325 Pat.

403 3369 511 3444 11,2t
538 3380 612 3432 extr.
638 3382 669 3432 et
685 3371 775 3434 docta
801 3371 904 3433 adnot.
933 3370 1074 3456 Madvigii
1099 3372 1138 3432 ed
1159 3372 1219 3432 Cic.
1241 3371 1303 3431 tiu.

403 3497 431 3558 p.
460 3475 519 3536 144
542 3497 601 3559 rq.,
629 3475 682 3538 ubi
712 3497 846 3538 summus
876 3479 930 3541 ille
960 3480 1082 3540 criticae
1106 3479 1242 3562 disputat
1267 3475 1304 3536 dc

401 3581 505 3642 multia
522 3581 597 3642 loeis
620 3581 769 3646 Tullianis
789 3585 897 3646 merito
918 3595 971 3646 ant
991 3583 1067 3644 salto
1087 3585 1236 3668 cauponis.

321 3685 369 3746 22.
391 3694 427 3746 r'r'e
446 3691 540 3746 dictis.
582 3687 669 3749 Potui
703 3689 752 3759 irl,
783 3687 867 3772 quoti
896 3689 999 3750 Bonus
1025 3691 1060 3750 in
1088 3687 1161 3748 1th
1189 3687 1303 3750 invenit

402 3787 539 3875 mihique
556 3813 573 3852 c
591 3793 659 3853 eod.
680 3793 761 3877 llisp.
781 3807 914 3856 notatur.
946 3793 1073 3856 Orelliur
1092 3796 1227 3878 seqnitur
1239 3793 1300 3852 llic·

403 3897 530 3967 torium,
555 3899 609 3981 qui
631 3921 647 3959 c
667 3902 850 3962 correctione
870 3901 936 3962 cod.
956 3901 1029 3962 ned.
1048 3899 1165 3984 scripsit
1187 3909 1223 3958 ite
1243 3904 1299 3957 dra-

404 4011 461 4064 rr'tr.
500 4005 600 4086 Atque
626 4008 650 4066 ei
682 4009 777 4065 stram
803 4019 900 4070 casem
926 4007 1077 4091 stipendia
1106 4009 1139 4067 in
1165 4003 1299 4088 singulos

402 4109 464 4172 dics
491 4109 640 4174 militibus
667 4117 836 4198 proposita,
864 4127 897 4176 nt
925 4116 954 4176 P.
987 4113 1135 4176 llanutius
1162 4115 1298 4195 interpre-
