2772 4902
598 347 660 414 153

144 533 337 626 Theophili,
369 535 612 626 Σχοινομέτρου
635 534 762 623 Syrios,
794 531 946 616 aliorum,
975 536 1012 604 sd
1038 560 1118 628 quos

141 671 177 718 ox
207 649 341 740 iosepho
372 648 452 714 eddo
478 647 686 716 Gleodemum
722 647 908 738 prophetem
939 652 1003 720 eise
1023 652 1118 720 Mat-

142 767 244 850 ὤμω.
297 763 379 832 Osse
401 778 554 832 antemos
569 763 706 830 Eusebio
729 763 844 830 efficias
858 768 1116 834 commentorium

139 877 304 946 Alexandri
327 879 421 946 fuisse
444 878 643 968 florilegium,
667 891 701 945 ut
721 881 763 946 ito
786 878 901 962 dicam,
927 903 966 946 ex
986 881 1118 972 scripto·

140 995 219 1062 n'bus
241 996 308 1062 illis
330 996 588 1062 consarcinatum.
634 993 680 1060 its
712 996 795 1060 enim
828 1017 936 1062 rereor
958 1017 997 1060 ne
1021 995 1118 1084 magis

139 1109 240 1198 inique
264 1107 307 1174 de
329 1107 522 1198 Polyhistore
545 1103 719 1174 iudicemus
739 1129 833 1196 quum
853 1109 1117 1174 recteeentismus

140 1221 315 1290 deminae
337 1237 369 1290 et
396 1221 544 1300 consilio,
576 1245 638 1313 qno
670 1223 835 1288 Alexandri
856 1224 1117 1290 commentarium

135 1337 286 1404 Eusebius
319 1336 403 1404 velut
432 1335 603 1404 mutilssit.
650 1337 754 1425 Ipsum
786 1337 956 1404 orationem
984 1337 1117 1404 diesun-

136 1449 190 1531 dri,
213 1466 250 1518 ut
275 1474 309 1516 s.
334 1474 360 1518 c.
380 1473 416 1518 es
435 1450 505 1516 ioco
524 1449 563 1518 de
584 1451 799 1518 immolatione
820 1449 929 1532 Issici,
946 1452 1117 1542 unicornui

135 1587 168 1631 ss
189 1563 400 1654 Polyhirtoris
422 1566 526 1632 verbis
546 1578 709 1656 excerptus
732 1580 778 1632 est
796 1565 827 1643 ¹,
851 1564 1002 1632 Eusebius
1014 1567 1118 1634 ubivis

138 1681 193 1746 iere
214 1683 347 1748 mimam
372 1682 462 1759 feeit,
492 1681 524 1746 in
560 1680 622 1746 hoc
656 1681 852 1770 potissimum
877 1679 1061 1748 incumbens
1082 1695 1118 1749 ut

138 1815 220 1884 qnsm
244 1796 404 1884 plurimos
427 1808 520 1862 testes
541 1796 664 1875 citsret,
689 1796 744 1884 qui
761 1817 863 1861 sacrae
876 1796 1049 1884 scripturae
1071 1817 1118 1862 es·

140 1923 192 1976 est
215 1910 389 1999 suffragati.
436 1907 526 1996 Quod
559 1931 652 1999 egens
683 1931 743 1974 non
769 1910 874 1999 potuit
900 1932 973 1974 sune
1002 1909 1116 1975 ducem

142 2023 185 2090 iii
213 2025 340 2113 eligere
369 2022 546 2090 Alexandro
569 2023 831 2102 commodiorem,
865 2025 920 2113 qni
951 2024 999 2089 sis
1025 2021 1118 2112 quid·

138 2157 219 2226 quesn
244 2159 426 2204 memorare
449 2139 480 2204 in
503 2139 600 2206 rebus
624 2138 817 2227 gravioribus
841 2138 953 2204 soleret
977 2138 1036 2204 nisi
1062 2159 1118 2202 no·

137 2253 249 2319 minuto
274 2263 407 2319 auctore
425 2251 455 2332 ²,
478 2253 542 2319 eise
566 2275 630 2342 qno
653 2253 791 2343 aliquem
809 2253 991 2319 conciliaret
1010 2275 1118 2318 norro·

136 2366 206 2434 tioni
228 2367 283 2434 sei
309 2365 402 2434 fidem
427 2367 476 2435 rel
497 2368 736 2447 anctoritatem,
768 2389 821 2434 seu
845 2366 929 2458 quod
953 2367 1117 2435 doctrinae

133 2481 425 2571 stqneeruditionis
446 2483 653 2548 ostentatione
666 2483 793 2550 omniuo
805 2480 1024 2548 delectaretur.
1054 2479 1116 2548 Sed

133 2591 203 2662 hsce
224 2597 391 2664 hactenus.
436 2597 542 2664 Poe'tis
566 2596 627 2662 illis
649 2609 680 2661 et
703 2595 872 2676 historicis,
900 2595 1116 2684 quihusdles·

132 2710 220 2778 sodes
241 2725 377 2778 deusest
396 2711 428 2776 iu
448 2709 898 2789 'Iovdost'soteconscribendis
914 2729 1117 2799 quorumque

132 2847 235 2914 nssgns
255 2847 331 2916 pers
346 2823 551 2892 Alexandriae
572 2825 701 2892 fortusse
723 2824 809 2914 degit
830 2822 862 2906 ³,
888 2846 986 2914 quum
1010 2844 1115 2890 rerum

132 2935 330 3006 lnds'icnrurn
355 2941 502 3006 notitiem
517 2939 571 3009 alii
587 2939 647 3004 eliu
665 2940 785 3005 ratione
804 2951 867 3006 tem
883 2937 1002 3003 ludaeis
1021 2959 1116 3027 quom

134 3053 256 3122 Graecis
273 3056 430 3146 impertiri
451 3052 622 3134 studerent,
639 3053 772 3119 fundum
785 3051 1115 3118 Historiarum'sun-

136 3190 199 3236 runs
229 3171 340 3238 iecisse
372 3168 516 3235 ridentur
539 3166 689 3234 Graecam
725 3168 878 3234 librorum
906 3167 1114 3236 Mosu'ioorum

135 3285 304 3352 tersionem
322 3286 356 3368 ⁴,
381 3307 459 3374 quos
482 3307 519 3350 es
543 3283 656 3350 sabulis
680 3283 874 3350 Graecorum
890 3294 922 3348 et
941 3281 1114 3371 Aegyptio·
1198 3289 1200 3294 '

140 3449 275 3466 ——ns—-n

169 3568 193 3632 ¹)
209 3571 227 3622 l.
243 3571 262 3624 l.
281 3567 324 3620 19.
344 3572 415 3637 Qusru
432 3588 511 3636 pssum
527 3571 616 3638 iutegss
625 3571 733 3622 Eusebius
749 3572 819 3622 etism
829 3570 970 3636 reliquom
982 3568 1116 3632 scriptorum

139 3659 257 3727 fispents
280 3681 310 3714 ex
336 3666 466 3716 Alemdso
490 3665 649 3730 descripserit,
674 3666 770 3715 efficitur
786 3683 800 3714 e
816 3666 868 3714 loeo
885 3663 1024 3726 Clementis,
1048 3679 1117 3727 quens

140 3757 199 3805 sote
214 3757 345 3808 usuum.
999 3771 1004 3778 '

170 3846 191 3906 ²)
207 3851 240 3898 Gt.
256 3852 282 3900 in
300 3851 376 3914 prinis
392 3853 545 3902 testimonium
562 3852 638 3902 motii
653 3853 713 3902 inire
730 3853 744 3918 §
762 3849 803 3914 19,
820 3867 850 3900 ne
866 3867 928 3900 nunc
944 3858 1043 3913 repeton
1056 3863 1116 3912 quse

141 3937 164 3986 ὶι
178 3943 329 4006 superioribus
345 3947 424 4008 mosim
441 3948 568 3997 obsessori.

173 4035 196 4098 ²)
211 4036 249 4088 ΟΕ.
269 4038 376 4089 ideireo.
395 4042 424 4092 do
440 4041 551 4091 Ariston
570 4041 625 4090 Irsd.
643 4059 666 4103 p.
688 4039 720 4089 17
737 4057 773 4104 sq.
790 4056 893 4104 quosque
910 4033 1117 4102 prseteseslsudst

145 4125 250 4182 hodius
268 4149 292 4196 p.
310 4129 345 4182 2⁰
360 4151 407 4199 sqq.
427 4164 458 4176 -
477 4135 500 4202 Α)
517 4134 618 4185 Ostendit
634 4133 749 4184 Rsuohins
765 4150 786 4196 p.
804 4131 837 4181 2⁴
855 4151 879 4183 n.
897 4130 943 4181 et.
