2942 4902
812 418 854 482 60

341 623 542 686 termamms,
566 606 687 694 ligneas
709 604 803 670 luisse
821 601 955 670 tabtilas.
990 603 1112 693 Utique
1128 627 1197 678 nen
1219 603 1319 674 dubi·

340 719 428 788 tabat
448 719 580 786 testibus
602 717 664 786 illis
690 715 944 808 locupletissimis
966 718 1060 784 unice
1076 715 1172 786 iidem
1189 703 1319 802 babere,

340 851 524 924 aspernatus
546 831 677 906 turbant
704 833 1000 924 grammaticorum,
1029 855 1111 921 quos
1137 831 1321 924 significans

340 947 502 1037 deinceps:
516 935 609 1016 Ἔνιοι
630 945 666 1017 dd
683 969 778 1032 φασιν
796 945 895 1025 ἰδίως,
915 945 1038 1033 inquit,
1059 948 1093 1012 ἐν
1116 940 1161 1023 οἷς
1181 945 1246 1030 ised
1268 950 1323 1014 ml

340 1061 446 1140 θυσίας
470 1057 656 1148 περιέχονναι
678 1055 854 1145 κύρβεις,
883 1053 1026 1136 ἄξονας
1052 1057 1088 1124 dd
1108 1055 1179 1136 rode
1207 1053 1324 1138 ἄλλους

204 1213 206 1218 ,
339 1168 523 1258 anfion.
568 1169 598 1235 A
632 1193 698 1260 quo
727 1167 891 1236 Plutarchi
915 1168 1034 1258 judicio
1062 1191 1122 1236 cur
1148 1171 1322 1258 posteriore

340 1300 440 1352 aetate
456 1305 613 1352 recessum
634 1285 689 1364 sit,
705 1275 836 1372 prorsus
851 1305 903 1348 me
925 1282 1016 1376 fugit.
1051 1281 1211 1372 Apertum
1230 1285 1322 1352 eninr

341 1415 387 1464 cst
412 1395 527 1488 κύρβεις
554 1397 629 1466 inde
655 1395 765 1478 ἄξονας
792 1399 897 1465 vocari
925 1412 1067 1486 coeptos,
1095 1395 1185 1490 quod
1211 1419 1323 1487 reapse

341 1512 456 1577 acibus
477 1511 666 1600 lignets‚'ut
689 1511 915 1598 interpretatur
930 1507 1056 1604 Gellius
1073 1509 1114 1574 N.
1137 1508 1179 1576 A.
1202 1509 1246 1576 ll.
1265 1513 1322 1590 ld,

342 1626 511 1714 inscriptae
537 1640 640 1692 essem
666 1621 750 1716 leges
772 1621 907 1690 Solonis.
952 1621 1075 1707 Quodsi
1087 1640 1145 1693 'res
1167 1621 1268 1698 dubia
1290 1641 1324 1692 et
1391 1685 1395 1696 ,

341 1733 594 1828 confugiendum
604 1751 671 1800 erat
682 1733 723 1800 ad
735 1735 955 1826 grammaticos
966 1751 997 1800 et
1007 1732 1323 1825 scholiastas,quidni

341 1845 499 1918 auxilium
515 1849 651 1938 petitum
668 1873 687 1912 a
703 1845 869 1914 scholiasta
885 1848 1108 1916 Demosthenis
1125 1873 1153 1916 c.
1163 1847 1323 1930 Aristocr.

339 1961 702 2054 p.6301tetsla,quem
723 1960 838 2027 Suidas
860 1987 891 2026 v.
907 1969 1026 2044 Ἆξινες
1042 1960 1226 2051 descripsit?
1259 1963 1323 2030 Di·

341 2079 429 2144 sertis
443 2078 530 2170 enim
547 2073 652 2142 verbis
669 2091 800 2142 testatur
818 2073 885 2141 ille:
904 2078 1062 2158 Ἀξινας
1079 2074 1223 2149 &Qus
1230 2077 1324 2168 Ἀθη-

341 2203 420 2264 ναῖοι
430 2192 501 2274 τούς
520 2190 657 2274 Σόλωνος
672 2190 783 2280 νόμους
798 2193 864 2262 diti
883 2195 925 2264 cd
944 2197 1185 2284 ἐγγραφῆναι
1205 2197 1243 2264 de
1262 2199 1323 2274 ξυ-

342 2309 463 2390 λίνοις
481 2311 622 2389 diocia·
645 2303 726 2398 ἦσαν
745 2309 781 2376 δὲ
802 2305 980 2398 τετράγωνοι
998 2307 1036 2377 ιδ
1053 2313 1178 2397 σχῆμα,
1200 2305 1323 2398 quibus

342 2418 455 2488 similia
476 2417 560 2514 legas
583 2422 617 2488 in
639 2417 765 2489 scholiis
787 2418 877 2488 Orat.
901 2421 927 2486 l.
949 2421 984 2486 in
1006 2420 1116 2510 Steph.
1139 2445 1172 2510 p.
1191 2420 1254 2486 tet
1271 2438 1322 2486 at-

342 2559 407 2627 que
429 2537 463 2602 in
487 2535 610 2604 Anecd.
634 2533 732 2602 Beklr.
756 2535 783 2600 I.
806 2560 839 2624 p.
862 2535 945 2616 eet,
969 2537 1005 2616 3,
1021 2559 1054 2624 p.
1079 2537 1161 2615 tte,
1178 2537 1237 2612 lb.

385 2649 462 2716 Esse
483 2651 546 2715 scio
569 2651 653 2714 inter
673 2650 839 2738 scriptores
856 2649 1020 2740 antiquos,
1037 2649 1095 2739 qui
1118 2648 1159 2716 de
1180 2671 1214 2724 re
1235 2672 1323 2714 sacra

341 2763 481 2830 dicentes
492 2770 606 2854 ιιίφβςις
617 2777 883 2842 commemorent,
900 2759 952 2827 vel
973 2761 1013 2828 de
1029 2759 1115 2828 civili
1131 2759 1200 2854 lege
1222 2785 1322 2853 agen-

341 2893 386 2944 tes
418 2879 550 2942 nomine
572 2881 673 2956 ἄξονες
700 2891 848 2953 utantur3
865 2874 911 2940 ‘id
944 2898 1018 2942 vero
1046 2873 1167 2942 sactum
1194 2899 1275 2956 esse,
1304 2899 1323 2940 a

341 2987 567 3056 vetustioribus
588 2987 715 3070 saltem,
739 2987 1054 3080 propterdiscrimen
1069 2990 1241 3080 utriusque
1261 3013 1321 3057 vo-

341 3099 462 3182 cabuli,
481 3101 673 3168 crediderint
690 3103 887 3194 grammatici
907 3099 996 3183 licet,
1014 3102 1168 3170 doctiores
1184 3078 1246 3170 sibi
1262 3105 1321 3170 visi

341 3239 408 3307 quo
436 3218 580 3310 argutius
601 3213 794 3284 differentias
821 3213 1056 3282 vocabulorum
1083 3215 1322 3309 excogitabant,

341 3352 400 3396 nos
421 3353 488 3396 non
511 3329 679 3414 credimus.
712 3327 786 3396 Alia
808 3353 847 3396 ex
870 3351 964 3396 eausa
986 3353 1063 3396 usus
1085 3327 1138 3396 ifle
1160 3345 1323 3420 repetatur

341 3458 480 3534 oportet,
508 3465 545 3510 ca
566 3444 785 3532 potissimum,
813 3465 912 3532 quam
940 3465 1036 3532 supra
1057 3443 1244 3536 tangebam,
1267 3443 1323 3510 sad

341 3559 405 3622 iam
427 3553 610 3646 explicabo,
634 3571 673 3620 ut
694 3571 843 3646 appareat
864 3553 979 3635 ιξᾶνων
1000 3557 1125 3622 nomini
1152 3554 1247 3650 longe
1269 3579 1322 3624 re-

341 3671 473 3736 cention'
495 3670 667 3758 antiquum
695 3667 845 3759 idemque
872 3691 1062 3761 germanum
1084 3669 1217 3758 αι’ρβιων
1238 3694 1321 3760 pau-

341 3783 584 3848 latimcessisse.
618 3777 680 3846 Illo
702 3783 842 3871 primus,
865 3781 955 3872 quod
976 3784 1088 3864 sciam,
1110 3821 1155 3836 -·
1182 3809 1260 3850 narn
1281 3783 1321 3850 de

340 3895 541 3964 Anaximene
563 3897 734 3963 memoravi
764 3897 797 3960 in
831 3895 1094 3985 praecedentibus
1123 3937 1160 3942 --
1198 3897 1320 3963 Demo-

341 4009 466 4076 sthenes
489 4011 591 4076 utitur
608 4007 664 4076 l.l.
682 4012 716 4076 in
738 4007 843 4076 verbis
865 4013 907 4091 ὥς
931 4015 965 4082 ἐν
991 4017 1036 4105 τῷ
1064 4016 1168 4092 ἄξονι
1199 4011 1319 4100 εἴρηται.

343 4123 463 4208 Quodsi
481 4131 604 4210 primus
627 4123 713 4204 dico,
738 4123 837 4214 probe
865 4150 937 4194 sum
959 4149 1081 4194 memor
1110 4149 1209 4215 quam
1230 4121 1318 4194 mul-
