2942 4902
782 385 824 448 te

316 577 355 643 de
370 573 536 670 Agricola,
552 575 607 641 sed
620 574 661 641 de
676 575 835 641 Britannis
850 573 1041 639 dicerentur.
1074 569 1149 638 Non
1164 569 1310 654 fecisset,

314 693 340 756 si
360 687 544 782 diligentius
562 685 753 780 explorasset
772 687 869 769 locos,
883 684 942 752 ubi
959 685 1048 776 apud
1062 685 1217 751 Tacitum
1239 711 1308 775 quo

314 813 418 868 minor
432 804 574 893 ponitur.
600 799 699 870 Multi
714 803 801 868 enim
820 815 914 880 sunt,
931 799 966 864 in
981 797 1102 888 quibus
1120 821 1181 888 quo
1194 807 1310 863 minas

314 914 397 982 nihil
410 913 517 982 differt
531 941 550 980 a
564 924 650 1006 quin.
675 915 775 980 Hunc
787 937 884 978 usum
893 911 1013 1001 optima
1026 909 1198 976 illustravit
1212 909 1310 976 Haa-

314 1032 379 1096 sius
393 1030 435 1095 ad
450 1029 578 1122 Reisigii
600 1026 732 1097 Scholas
749 1027 790 1094 de
810 1025 956 1094 Gramm.
982 1025 1053 1091 Lat.
1075 1026 1110 1090 in
1126 1023 1203 1090 adn.
1222 1023 1307 1090 ⁴90.

314 1168 347 1232 p.
371 1143 448 1208 572.

359 1257 449 1340 Quae
461 1253 616 1348 leguntur
631 1250 721 1320 initio
736 1275 806 1343 cap.
829 1253 873 1318 ei
918 1253 1036 1341 Quinto
1057 1251 1305 1341 expeditionum

315 1393 400 1434 anno
437 1393 516 1436 nave
533 1377 642 1458 prima
661 1381 879 1456 transgressus
903 1375 1029 1455 ignom
1051 1365 1098 1432 od
1118 1367 1155 1430 id
1174 1381 1309 1456 tempus

312 1495 424 1571 gentes
438 1521 479 1532 -
504 1479 643 1562 domuit,
658 1482 694 1546 in
710 1479 830 1571 quibus
852 1477 907 1544 illa
929 1503 1007 1545 nove
1023 1489 1131 1570 prima
1150 1479 1310 1548 nonnul·-
1379 1507 1385 1524 ·

314 1595 353 1662 lis
377 1598 506 1670 ¹criticis
534 1593 764 1687 displicebant,
791 1593 876 1662 bene
904 1592 1058 1684 explicuit
1074 1591 1243 1660 Dronkius
1270 1597 1308 1659 in

315 1707 389 1776 edit.
415 1708 533 1791 altera,
555 1711 755 1800 eandemque
779 1711 935 1774 rationem
956 1709 1061 1774 tenuit
1080 1705 1245 1789 Orellius,
1268 1725 1309 1773 ut

314 1847 394 1889 nove
408 1833 517 1915 primo
532 1822 655 1890 dictum
669 1826 709 1890 sit
728 1847 788 1913 pro
809 1837 873 1888 tarn
887 1828 1027 1910 primum
1052 1819 1213 1886 noviliaca·
1234 1821 1308 1886 Mi-

314 1959 377 2002 nus
392 1953 475 2004 recte
482 1937 622 2002 Ritterus
637 1939 680 2001 ita
691 1938 932 2026 interpretatur:
949 1935 1005 1998 “in
1021 1934 1155 2000 navium
1170 1936 1307 2026 agmine
1386 1967 1393 1976 ·

315 2046 442 2116 Clotam
456 2049 682 2138 trajicientium
696 2049 820 2138 primus
836 2048 902 2137 ipse
915 2043 1038 2138 legatus
1052 2043 1145 2110 fuit.”
1174 2043 1307 2113 Debuit

314 2163 402 2226 enim
423 2163 558 2250 scriptor
582 2158 742 2226 declarare
766 2159 828 2225 hoc
851 2159 983 2226 demum
1003 2179 1089 2224 anno
1111 2181 1210 2224 naves
1236 2181 1306 2226 esse

315 2271 517 2362 adsumptus,
548 2273 628 2362 (non
657 2281 691 2337 in
713 2287 838 2361 partem
869 2279 1007 2354 virium,
1037 2269 1127 2360 quod
1154 2273 1304 2360 sequenti

314 2400 428 2452 aestate
442 2384 563 2451 factum
578 2385 656 2475 (vid.
673 2409 700 2451 c.
716 2383 787 2473 25),
809 2383 864 2452 sad
887 2383 929 2450 ad
952 2387 1057 2475 copias
1072 2383 1303 2470 traducendas)

313 2521 418 2586 quum
434 2513 541 2565 tamen
554 2502 619 2589 jam
632 2500 725 2565 tertio
739 2521 825 2564 anno
837 2515 1030 2589 perventum
1044 2515 1123 2565 esset
1135 2498 1177 2564 ad
1190 2501 1306 2564 Taum

315 2613 356 2701 (c.
385 2613 448 2694 29,
481 2611 578 2679 hodie
595 2613 685 2704 stitit
710 2614 755 2704 os
769 2612 863 2700 Tar),
887 2611 972 2678 ultra
996 2611 1180 2680 Bodotriam
1199 2614 1304 2679 situm

315 2727 517 2792 aestuarium.
542 2727 631 2792 Tum
645 2725 778 2792 demum
798 2749 912 2817 operae
934 2727 1074 2816 pretium
1093 2743 1160 2792 erat
1173 2747 1304 2794 memo-

171 2853 173 2858 '
315 2862 384 2905 rare
405 2838 589 2933 Agricolam
608 2841 643 2905 in
662 2841 796 2906 navium
815 2841 941 2933 agmine
963 2841 1106 2930 primum
1129 2839 1246 2924 fuisse,
1273 2842 1299 2905 si

315 2953 428 3017 armati
459 2953 564 3020 hostes
593 2951 682 3019 littus
708 2953 922 3021 obtinuissent
951 2955 1177 3045 Romanosque
1207 2957 1300 3024 aditu

315 3063 562 3156 prohibuissent.
599 3065 696 3153 Quod
720 3083 828 3134 tamen
849 3067 970 3134 iactum
989 3091 1057 3134 non
1073 3091 1171 3135 essee
1193 3069 1299 3135 Taciti

315 3176 439 3244 silentio
460 3195 554 3270 patet.
579 3179 644 3248 Sed
656 3203 724 3247 non
745 3181 840 3247 credo
855 3197 962 3248 tamen
977 3179 1061 3248 nihil
1078 3183 1112 3247 in
1125 3182 1176 3249 his
1190 3183 1299 3250 verbis

164 3343 168 3352 ,
314 3291 509 3359 mutandum
522 3315 596 3360 esse.
625 3293 771 3360 Offendit
785 3295 872 3360 enim
890 3295 1096 3385 participium
1116 3312 1299 3389 transgres-

314 3431 369 3473 sos
390 3405 534 3473 absolute
557 3411 707 3498 positum.
751 3409 979 3502 Transgressus
1002 3425 1049 3474 est
1067 3409 1191 3476 Clotom
1217 3409 1297 3500 (vid.

314 3519 454 3588 Ritterus
474 3520 516 3586 ad
535 3521 568 3586 h.
588 3519 612 3586 l.
633 3535 664 3587 et
686 3520 727 3587 ad
748 3545 817 3610 cap.
838 3521 881 3586 25
900 3520 976 3610 in.);
997 3521 1052 3588 sed
1072 3545 1182 3590 nonne
1203 3545 1297 3591 vero·

315 3632 416 3700 simile
436 3651 483 3701 est
503 3659 522 3699 a
540 3631 684 3726 diligenti
708 3635 860 3724 scriptore
874 3634 937 3701 hoc
951 3633 1003 3702 vel
1026 3635 1140 3703 diserte
1155 3635 1297 3703 declara-

315 3763 386 3812 tum
399 3745 451 3812 vel
473 3725 558 3812 certo
582 3747 699 3813 indicio
724 3745 937 3840 significatum
950 3746 1036 3816 esse?
1078 3747 1296 3843 Negligentiae

314 3857 411 3950 culpa
428 3862 612 3950 scriptorem
629 3859 839 3928 liberabimus
858 3859 1030 3930 scribentes
1038 3871 1189 3953 primam,
1207 3861 1296 3955 quod

315 3975 349 4038 in
364 3974 498 4064 antiquo
512 3973 619 4042 codice
634 3977 678 4040 ita
692 3975 847 4066 seriptum
856 3985 969 4066 prime
986 3991 1095 4068 postea
1116 3999 1296 4044 accommo-

315 4087 427 4154 datum
445 4101 490 4154 est
505 4087 546 4153 ad
560 4113 591 4154 v.
615 4111 713 4168 neve,
738 4103 776 4153 ut
795 4089 830 4154 in
852 4087 951 4156 altero
971 4089 1127 4157 Vaticano
1152 4113 1180 4156 c.
1203 4089 1224 4156 9
1251 4107 1294 4154 ex
