2772 4902
650 337 709 402 157

183 517 296 586 baberi
333 535 369 587 et
399 522 550 588 insectari
586 525 734 590 conviciis
767 524 972 593 riderentur?
1015 527 1083 594 lmo
1123 531 1182 596 luit

181 639 354 726 scriptoris
379 637 516 718 Graeci,
553 637 676 727 qualem
707 638 934 728 Polybistoreur
960 643 1176 732 cognorimus,

179 754 462 839 diligentissimi
497 755 717 838 antiquitatis
757 755 1007 844 mytlrowmque
1041 761 1180 822 inuesti-

178 869 350 952 9utoris,
376 865 473 930 etium
493 887 542 930 res
561 863 746 930 ludaeorum
773 869 983 956 perscribere,
1017 873 1073 960 qui
1101 873 1179 936 urire

179 995 269 1046 esset
296 981 471 1045 instructus
490 979 697 1046 subsidiorum
720 983 810 1072 copis
830 981 1040 1073 historiaeque
1057 987 1179 1053 unirer·

180 1095 260 1160 salis
286 1093 470 1159 incredibili
495 1094 635 1160 imbutus
647 1107 679 1160 et
702 1097 804 1160 studio
828 1109 860 1162 et
873 1099 1060 1186 cognitione.
1086 1101 1176 1186 Quod

177 1231 263 1276 sero
277 1207 437 1274 Eusebius
458 1230 496 1274 eu
515 1209 611 1274 luerit
630 1209 790 1299 deceptus,
810 1211 892 1300 quod
915 1213 1058 1279 criticum
1079 1232 1176 1282 ortem

178 1345 320 1414 prorsus
343 1322 522 1409 negligeretr
548 1324 623 1412 quid
654 1323 732 1390 mibi
757 1346 828 1390 curu
853 1324 1004 1406 Eusebio,
1028 1329 1054 1392 si
1078 1351 1177 1418 quse·

176 1463 252 1504 rsus
281 1437 325 1504 de
351 1450 478 1503 auctore
496 1442 708 1518 'loudut'sisvr
734 1440 801 1506 lluo
823 1441 853 1504 iu
866 1463 901 1506 re
916 1442 1059 1508 criticum
1075 1457 1174 1511 ortem

175 1553 329 1623 Rsuobii
360 1575 487 1642 prorsus
514 1552 674 1634 desidero,
703 1555 895 1620 immemoris
921 1555 1047 1645 losephi
1071 1559 1176 1646 potius

174 1669 346 1736 tutionem
370 1665 545 1732 bsbeudum
571 1689 647 1746 esse,
676 1680 741 1732 tum
767 1668 949 1747 Clementis,
967 1672 1022 1757 qui
1040 1669 1176 1736 Eusebio

177 1783 295 1852 floruit
323 1803 390 1846 uno
412 1782 477 1846 lere
499 1780 624 1846 soeculo
648 1781 745 1870 prior.
791 1782 871 1847 Nem
896 1805 976 1872 quse
992 1805 1027 1848 ex
1043 1784 1176 1850 Alexan·

181 1899 226 1964 dri
253 1901 340 1980 sript
358 1895 548 1966 ’Ἰουδαίων
571 1903 799 1980 συγγράμματι
823 1894 967 1962 Clemens
992 1897 1115 1978 leudes,
1140 1923 1176 1965 es

183 2008 459 2076 euidentissimum
482 2021 528 2074 est
551 2031 586 2074 us
610 2022 650 2096 τῇ
666 2015 739 2094 περὶ
756 2010 931 2080 Ἰουδαίων
950 2015 1102 2091 συντάξει
1120 2035 1177 2102 pe·

179 2127 236 2190 tite
264 2145 359 2198 esse,
387 2144 447 2209 quo
477 2144 548 2208 usus
578 2137 624 2186 est
646 2119 799 2187 Eusebius
827 2122 847 2188 ¹.
896 2124 940 2188 tr
961 2124 1032 2213 plus
1051 2127 1174 2192 soeculo

171 2255 256 2306 ente
282 2235 493 2314 Clementem
508 2237 637 2302 totidem
653 2236 717 2302 iere
736 2238 825 2302 curris
848 2251 919 2325 post
942 2239 1063 2304 obitum
1078 2239 1174 2305 Alex·

169 2353 290 2432 uudri,
320 2373 407 2415 susm
430 2351 554 2438 scripsit
576 2349 706 2428 Romue,
733 2364 765 2414 ut
789 2351 981 2429 Alexander,
1016 2351 1174 2442 Ἀρχαω·

170 2473 308 2554 λογίαν
329 2465 518 2549 ’lactatum
543 2463 705 2554 losephus‚
730 2489 746 2528 u
771 2488 834 2555 quo
857 2466 991 2532 eundern
1016 2491 1175 2534 commen·

173 2586 308 2652 tarium
335 2582 465 2659 luuduri,
490 2603 583 2670 quern
608 2579 759 2645 Eusebius
783 2581 952 2662 consuluit,
978 2605 1011 2645 es
1031 2581 1092 2646 boc
1108 2585 1174 2672 ipso

172 2700 264 2769 sutis
289 2709 380 2762 certo
409 2697 484 2760 scius
508 2693 533 2758 ².
583 2693 663 2778 Quid
690 2695 806 2780 igitur'l
855 2693 899 2758 Eo
925 2717 971 2760 res
1004 2695 1105 2773 redit,
1138 2710 1172 2762 ut

173 2813 405 2906 dispiciemus,
431 2831 490 2899 quo
516 2809 580 2874 reri
602 2808 706 2898 specie
729 2807 790 2872 dici
804 2807 954 2896 Iosephus
969 2811 1064 2897 possit
1081 2809 1175 2876 salsus

173 2954 253 3000 me
276 2928 321 2991 ab
343 2923 457 3009 iuduqo
480 2923 627 3014 quodum,
654 2923 722 3011 qui,
748 2922 868 3010 aliquot
890 2923 977 2988 cuuis
1002 2936 1070 3012 post
1087 2947 1173 2990 mor·
1259 2959 1266 2986 t

174 3061 249 3116 tem
275 3037 499 3129 Polybistoris,
536 3037 628 3102 huius
663 3035 790 3100 nomine
818 3038 991 3104 Ἰουδαϊκὰ
1025 3036 1173 3107 ediderit.

173 3159 266 3230 stibi
293 3155 379 3220 nullu
404 3153 543 3232 obertum
569 3152 595 3215 si
618 3172 679 3238 qus
703 3149 786 3228 eliis,
808 3171 870 3213 uou
895 3149 1055 3216 celabunt.

164 3323 353 3350 ισ--ῤ

212 3427 222 3466 t
253 3421 296 3470 ct.
329 3454 337 3466 .
358 3415 417 3466 150.
433 3432 456 3466 u.
476 3415 499 3465 l.

207 3425 236 3585 ²i
251 3437 386 3568 carbula
403 3509 510 3558 Eusebius
527 3511 545 3558 l.
562 3510 579 3558 Ι.
597 3507 632 3558 20
648 3525 668 3558 ι.
685 3509 721 3566 t..
739 3507 759 3556 si
776 3506 823 3556 elio
840 3514 899 3554 esset
916 3504 1089 3568 συντάγματι
1108 3519 1173 3562 usus,

165 3618 318 3670 maguum
338 3606 414 3668 ipsrm
434 3603 523 3667 losepbi
539 3603 630 3666 locutu,
655 3619 702 3666 quo
719 3601 843 3650 Alexsndri
862 3599 1010 3664 Polybistoris
1034 3597 1060 3646 fis
1076 3599 1177 3662 mentio,

163 3707 314 3778 munirer
333 3697 477 3748 noturus:
504 3698 617 3746 »Ταῦτα
635 3693 685 3758 μὲν
704 3695 741 3762 δὴ
759 3694 815 3744 ἀπὸ
833 3700 884 3760 τῆς
900 3691 1102 3762 προειρημίνης
1120 3695 1172 3741 τοῦ

157 3801 379 3864 Πολυΐστορος
398 3797 517 3860 γραφῆς.
534 3793 582 3840 καὶ
602 3786 616 3836 d
635 3787 768 3856 Ἰώσηπος
788 3785 821 3838 δέ
840 3788 868 3838 ir
887 3791 923 3854 τῇ
940 3784 1037 3857 πρώτῃ
1049 3790 1099 3850 τῆς
1110 3785 1174 3852 ’Ap-

252 3897 349 3965 qtae
368 3887 422 3936 τοῦ
441 3884 529 3936 αὐτοῦ
549 3883 719 3952 μνημονεύει
738 3883 788 3933 διὰ
805 3879 956 3932 votvml’t

151 3901 249 3982 tanei
