2862 4894
310 577 363 644 pes
375 565 469 644 atque
487 553 586 621 trihus
605 555 732 620 omnino
746 559 906 622 communi
924 557 1044 646 origine
1065 557 1236 637 oriundae,
1259 558 1300 623 ad

309 672 421 760 templa
442 683 473 736 et
494 693 578 736 saera
595 673 772 737 communia
792 673 1013 756 confluebant,
1040 673 1095 739 ubi
1114 675 1155 740 ita
1180 689 1304 764 sponte

305 809 358 851 rua
386 808 425 852 ex
453 785 616 852 hominurn
644 787 822 876 frequentia
849 801 880 854 et
908 785 1097 855 Graecorum
1123 787 1237 855 indole
1259 789 1301 857 ad

305 901 414 968 festam
442 901 633 991 hilaritatem
661 903 748 988 omni
777 915 878 970 aetate
905 904 1055 994 proclivi,
1086 911 1301 994 πανηγύρεις

307 1015 378 1082 iiine
408 1018 613 1097 exstiterunt,
646 1039 722 1107 quas
744 1020 811 1108 jam
838 1018 922 1108 apud
946 1017 1115 1084 Homerum
1143 1021 1301 1107 agnoscit

306 1129 506 1220 Thucydides
527 1125 563 1212 ¹,
588 1132 643 1198 ubi
672 1133 704 1198 iu
722 1132 853 1198 insulam
879 1131 992 1199 Delum
1010 1132 1097 1198 lones
1119 1153 1194 1198 oum
1219 1155 1303 1199 oxo-

306 1244 391 1310 ribus
413 1258 445 1310 et
461 1244 568 1310 liberis
595 1247 802 1338 conveniunt,
825 1244 966 1336 Apollini
988 1247 1102 1312 festum
1122 1245 1302 1312 celebran-

178 1419 192 1438 ,
307 1372 363 1428 tes.
415 1359 494 1445 Quid
515 1359 600 1450 quod
618 1358 701 1427 ider'n
726 1361 778 1426 iiie
807 1359 1024 1449 Thucydides,
1051 1366 1300 1445 κριτικὼτατος

307 1495 379 1539 sane
409 1475 643 1564 antiquissimae
668 1472 816 1540 Graeciae
842 1473 990 1540 historiae
1015 1474 1201 1562 indagator,
1240 1477 1300 1541 ubi

307 1587 378 1653 data
406 1611 500 1677 opera
533 1589 683 1678 originem
719 1595 787 1658 τῶν
814 1593 1011 1671 inroretur,
1043 1587 1113 1653 festi
1141 1587 1301 1666 Athenis,

305 1703 452 1792 exponit,
479 1727 545 1770 rem
568 1724 629 1770 non
650 1703 741 1770 aliter
765 1704 899 1768 narrat?
945 1700 1051 1769 Fuisse
1079 1724 1196 1791 nempe
1222 1715 1300 1769 ante

305 1815 421 1883 Thesea
441 1818 564 1884 Atticae
583 1818 676 1885 urbes
694 1819 775 1885 inter
802 1841 834 1884 se
849 1830 1004 1907 separatas
1021 1829 1053 1882 et
1070 1815 1212 1904 singulas,
1226 1840 1300 1882 suos

305 1934 502 2022 magistratus
525 1931 694 2013 habuisse,
720 1933 836 2022 quibus
853 1955 870 1996 a
886 1929 1006 1998 Theseo
1028 1929 1157 1996 sublatis
1177 1945 1211 1998 et
1233 1953 1300 1998 uno

305 2061 413 2113 senatu
432 2047 621 2126 constituto,
646 2069 710 2137 quo
734 2047 841 2112 eunoti
866 2045 1090 2121 convenirent,
1120 2067 1225 2134 quum
1255 2058 1301 2111 ta·

304 2181 376 2224 men
393 2181 480 2225 snam
501 2159 635 2248 quisque
654 2159 826 2226 habitandi
839 2157 942 2225 sedem
968 2159 1159 2239 retinerent,
1191 2181 1300 2249 eoque

304 2293 392 2337 more
409 2297 427 2338 a
444 2271 563 2339 Theseo
590 2275 722 2364 posteris
746 2275 882 2352 tradito,
907 2273 1054 2338 mansisse
1082 2271 1123 2338 ab
1150 2295 1193 2338 eo
1216 2287 1294 2339 tem·

304 2405 381 2474 pore
404 2385 487 2453 Deae
512 2386 686 2469 ξυνοίκιά,
718 2393 834 2476 ἑορτὴν
861 2383 1034 2475 δημοτελῆ.
1083 2383 1189 2451 hntea
1223 2409 1299 2453 rero

303 2522 394 2586 eam,
419 2523 500 2590 quae
519 2524 604 2570 nuno
629 2515 709 2569 esset
732 2501 953 2591 Acropolis·et
976 2497 1061 2588 quod
1085 2498 1145 2564 snb
1161 2521 1239 2566 earn
1256 2499 1296 2567 ad

303 2615 466 2682 meridiem
494 2616 561 2705 ejus
585 2618 718 2684 maxime
740 2617 858 2705 vergit,
891 2614 1003 2680 urbam
1026 2613 1133 2692 iniere,
1157 2617 1296 2705 ejusque

303 2731 348 2795 rei
369 2729 544 2796 testimonia
566 2752 632 2796 esse
651 2729 769 2820 templa
792 2731 837 2794 ibi
864 2729 990 2818 posita,
1016 2741 1049 2794 et
1071 2727 1152 2808 alia,
1180 2743 1216 2796 et
1239 2727 1297 2796 Jn·

304 2845 349 2910 ris
372 2843 513 2934 Olympii
533 2857 565 2910 et
585 2843 734 2933 Pythium
755 2856 787 2910 et
803 2841 918 2909 Terrae
935 2855 967 2908 et
991 2841 1023 2906 in
1043 2840 1194 2908 Laeubus
1215 2841 1295 2908 Dio·

302 2959 392 3046 nysi:
417 2959 470 3024 eui
495 2960 588 3025 etiam
613 2973 680 3025 tum
706 2960 845 3024 iacerent
871 2955 1077 3022 Athenienses
1104 2955 1292 3046 antiquiora

301 3071 448 3160 Dionysia
474 3071 583 3138 eodem
596 3085 748 3162 tempore,
767 3093 832 3161 quo
848 3069 1090 3136 Atheniensium
1111 3069 1221 3136 'coloni
1239 3072 1291 3138 lo·

303 3208 357 3252 nes
379 3180 406 3251 ².
453 3184 518 3253 Nee
546 3187 636 3254 aliter
661 3183 813 3256 Strabo⁸
844 3198 877 3253 et
907 3179 1113 3272 dionysius*
1150 3182 1214 3251 hae
1251 3184 1290 3249 de

298 3353 445 3369 ψ

338 3467 361 3536 ¹)
377 3467 481 3535 Thnepd.
499 3471 542 3521 ΙΙΙ.
568 3465 628 3521 104.

336 3561 360 3627 ²)
380 3563 440 3612 idern
457 3565 486 3612 ΙΙ.
515 3561 555 3613 15.
581 3563 719 3630 Qnilrrreenm
736 3565 773 3616 ott.
786 3565 897 3633 Stephon.
911 3567 940 3617 de
959 3569 1011 3618 Urh.
1027 3585 1051 3619 r.
1067 3568 1201 3636 Ἀθῆναι.
1231 3569 1285 3617 rra·
1402 3603 1403 3610 κ

302 3657 375 3706 tareh.
393 3655 736 3723 matemautensem.
755 3661 805 3712 Pae.
825 3661 892 3712 1019
900 3681 936 3727 eq.
946 3663 1050 3728 urard.
1069 3662 1143 3720 r.10;
1163 3665 1287 3721 flumana,

304 3751 386 3802 tatrt.
404 3751 444 3810 der
459 3753 555 3816 flotteed.
575 3754 671 3806 hiterth.
688 3755 712 3806 d.
730 3755 769 3808 (ir.
787 3770 809 3819 p.
827 3754 887 3808 273.

337 3844 360 3912 ⁸)
378 3845 458 3894 Strabo
483 3847 525 3897 1¹.
547 3864 570 3910 p.
588 3845 639 3895 419
655 3846 680 3897 C.
1252 3907 1255 3919 ,

337 3938 361 3992 ⁴)
379 3939 471 4004 Dio-pe.
489 3939 563 3990 Retio.
582 3939 660 4003 dntiq.
678 3941 744 3989 nnn.
761 3939 798 3991 ii.
822 3959 844 4002 p.
862 3937 922 3990 229.
940 3944 1003 3990 inter
1019 3943 1154 3993 recentiores
1171 3941 1287 4005 precedere
1400 3985 1401 3990 ,

303 4047 349 4078 rona
367 4032 525 4095 expiieuernnt
541 4031 638 4080 iieeren.
658 4003 740 4094 tuin,
759 4033 795 4082 ed.
814 4033 877 4094 prim.
896 4035 920 4083 i.
941 4036 983 4083 tu.
1011 4034 1032 4086 l.
1052 4053 1074 4099 p.
1093 4033 1141 4084 189
1157 4053 1218 4099 sqq„
1238 4041 1285 4080 tun
1400 4013 1401 4020 ἵ

305 4125 400 4173 maxine
417 4123 545 4184 itenditur,
563 4123 633 4174 Dietr.
652 4125 675 4172 in
693 4125 755 4176 oirit.
775 4135 822 4174 ent.
840 4126 892 4174 indo
910 4129 939 4178 eh
956 4129 1014 4192 arip.
1030 4141 1089 4192 etp.
1106 4130 1130 4180 9.
1149 4147 1183 4192 eq.
