2862 4894
740 355 780 418 10

266 559 331 610 esse
347 539 482 630 turpius,
501 561 597 630 quum
621 539 802 630 quempiam
817 539 937 631 legari,
959 539 1020 608 nisi
1039 539 1248 631 reipublicae

267 681 370 725 eausa.
417 655 556 735 Omitto,
581 655 850 746 quemadmodum
873 656 925 721 isti
948 677 980 722 se
1008 667 1118 744 gerant
1148 668 1247 747 atque

266 772 428 862 gesserint,
448 771 503 860 qui
520 771 675 860 legatione
689 769 893 854 heroditutes,
910 765 964 836 aut
976 769 1166 860 syngraphus
1182 791 1250 836 sues

266 899 511 979 persequuntur.
556 887 594 954 lu
614 885 798 954 hominibus
815 898 862 954 est
886 884 949 952 hoe
967 885 1096 952 fortusse
1118 886 1245 954 sirium.

266 1001 328 1070 Sed
355 1001 586 1092 quaeso,·qnid
610 1023 717 1092 reapse
737 1003 777 1068 sit
801 1003 942 1092 turpius,
967 1021 1063 1090 quam
1083 1001 1149 1068 sine
1170 1021 1248 1090 pro·

267 1116 428 1182 curatione
447 1129 571 1181 senetur
589 1113 727 1205 legatus,
751 1116 816 1182 sine
831 1113 1005 1196 mundatis,
1030 1115 1098 1181 sine
1114 1107 1179 1180 ullo
1200 1115 1247 1181 roi

266 1229 412 1321 publicae
438 1233 592 1296 munere?
642 1235 692 1298 19.
712 1229 810 1297 Porro
829 1231 839 1270 ¹
866 1231 899 1296 iu
921 1253 992 1298 meo
1018 1229 1182 1296 consulatu
1204 1229 1245 1296 L.

267 1342 367 1424 Otho,
385 1344 433 1410 sir·
452 1345 562 1425 fortis,
584 1365 670 1411 mens
688 1346 895 1422 necessarius,
915 1345 1055 1435 equestri
1074 1343 1175 1410 ordini
1194 1365 1245 1410 re·

266 1459 370 1526 stituit
394 1481 458 1524 nou
486 1458 587 1526 solunr
613 1459 820 1548 dignitatem,
844 1458 1014 1526 sedetiam
1036 1457 1242 1549 uoluptatem.

265 1573 377 1663 ltaque
400 1573 447 1640 lex
470 1572 565 1655 liaeo,
592 1597 673 1664 quae
688 1573 727 1640 ad
746 1573 839 1642 ludos
862 1575 1015 1663 pertinet,
1037 1585 1085 1640 est
1104 1573 1269 1642 omnium.

265 1688 458 1777 gratissima,
484 1687 571 1778 quod
602 1687 821 1756 honestissimo
854 1687 956 1756 ordini
988 1709 1060 1756 oum
1082 1685 1246 1778 splendore

266 1801 387 1868 innotus
409 1823 537 1894 qnoque
567 1803 774 1870 iuouudi'totis
796 1816 843 1872 est
865 1805 1037 1870 restitutus.
1082 1802 1163 1870 Nam
1186 1800 1246 1870 de,-

266 1916 384 1982 leotant
406 1916 567 1996 homines,
591 1916 671 1983 mihi
703 1917 815 2000 erede,
840 1917 927 1998 ludi,
959 1919 1054 1984 etiam
1079 1915 1166 1999 illos,
1191 1916 1247 2006 qui

266 2028 485 2111 dissimulent,
509 2051 571 2096 non
595 2031 695 2097 solum
718 2055 795 2114 eos,
819 2033 875 2123 qui
897 2031 1047 2099 letentur.
1161 2051 1162 2058 ¹

309 2254 364 2326 vt.
389 2255 746 2347 20.1tgo²eussmiu
773 2259 810 2330 G.
839 2259 990 2340 Rabirio,
1022 2256 1247 2349 perduellionis
1365 2324 1371 2330 .

266 2393 337 2449 reo,
358 2371 416 2438 xl,
435 2373 524 2439 ennis
544 2385 616 2440 aute
631 2396 682 2442 me
705 2375 867 2442 consulem
888 2377 1108 2465 interpositum
1124 2385 1246 2441 senatus
1316 2449 1322 2462 ,

265 2487 485 2554 auctoritatem
512 2490 644 2555 sustinui
675 2502 784 2558 eontra
810 2489 963 2560 insidiam
987 2501 1083 2580 etque
1102 2487 1243 2556 delendi.

264 2599 377 2668 Nam⁸
399 2623 450 2668 me
474 2625 572 2692 quum
595 2605 753 2672 amicitiae
772 2617 923 2686 vetustas,
945 2615 1012 2672 tum
1033 2603 1168 2694 dignitas
1186 2603 1246 2670 hu-

265 2715 375 2797 minis,
401 2727 467 2782 tum
492 2693 815 2799 ratio'hunranitatiu
838 2731 908 2786 tum
922 2741 1010 2786 meae
1029 2720 1113 2785 ritae
1134 2740 1246 2809 perpe·

266 2841 319 2894 tua
349 2829 562 2912 cousuetudo,
597 2833 637 2899 ad
661 2829 706 2902 C.
741 2832 906 2900 Rabirium
935 2831 1168 2901 defendendum
1198 2841 1245 2898 est

265 2942 449 3024 adhortata;
465 2957 532 3012 tum
551 2969 635 3026 reru,
657 2961 693 3015 ut
711 2948 745 3014 id
760 2949 983 3016 studiosissime
998 2949 1144 3028 iuuenem,
1163 2945 1243 3012 salus

264 3057 500 3146 reipublicae,
526 3062 688 3129 consulere
719 3064 876 3145 officium,
899 3063 1080 3130 consulatus
1107 3062 1244 3150 denique

264 3172 350 3261 ipae,
369 3172 449 3238 milri
467 3196 527 3241 una
546 3200 562 3242 a
586 3177 795 3268 populosum
810 3179 909 3246 solute
924 3179 971 3245 rei
993 3178 1141 3268 publices
1156 3197 1243 3242 oom-

263 3287 445 3370 mendosus,
464 3295 581 3382 eoiigit.
628 3297 686 3360 21.
707 3291 778 3360 Non
798 3295 884 3361 enirn
907 3293 942 3360 0.
964 3294 1129 3362 Rabirium
1151 3291 1244 3380 oulpu

264 3401 391 3485 delioti,
409 3429 470 3472 non
492 3408 726 3488 invidissime,
743 3431 806 3476 nou
823 3407 961 3500 denique
980 3422 1109 3489 veteres,
1129 3409 1242 3488 iustae,

263 3539 432 3610 grauesque
451 3522 635 3590 inimicitiae
655 3525 789 3605 uirium,
817 3525 850 3591 in
870 3523 1039 3591 discrimen
1059 3522 1170 3612 ospitis
1186 3543 1245 3587 ro·

264 3647 429 3705 usserunt:
461 3637 514 3702 sed
545 3653 580 3705 ut
607 3637 685 3704 illud
716 3661 874 3706 summum
900 3639 1049 3704 auxilium
1072 3635 1243 3703 maiestatis

263 3758 358 3837 atque
377 3750 522 3840 imperii,
546 3752 632 3840 quod
653 3752 744 3820 nobis
770 3779 788 3820 a
809 3751 981 3821 maioribus
1004 3765 1051 3819 est
1073 3751 1240 3828 traditum,

257 3912 425 3928 ⁸——nu—

263 4102 356 4154 dabitis
374 4103 684 4172 perendianum
