2940 4920
695 385 736 449 iiii

222 575 360 642 choium
373 597 392 642 e
405 575 531 641 senibus
546 591 601 642 aui
616 583 699 642 uiris
713 577 924 665 compositum
937 574 1030 642 fuisse
1037 626 1047 659 ‚
1062 599 1200 668 quorum

223 687 362 756 alterum
385 707 550 770 muron,
579 687 713 754 alterum
740 707 877 756 uerrere
901 690 1104 772 existimavit,
1133 715 1200 758 non

223 805 341 892 poterit
361 804 443 894 quin
466 805 538 869 satis
560 801 789 868 inconsiderate
810 817 841 867 et
863 805 968 892 inepte
989 802 1096 870 secisse
1110 815 1202 894 poiita

224 918 365 982 comicus
387 917 543 999 videatur,
564 919 622 1007 qui
638 933 823 1007 quaerentes
838 933 869 982 et
883 916 1136 1007 obstupescentes
1149 922 1203 985 in-

223 1027 353 1095 duxerit
367 1053 430 1113 eos,
444 1031 564 1122 quihus
577 1031 786 1098 immodicum
800 1028 927 1098 Periclis
944 1049 1042 1121 caput
1051 1035 1202 1100 memorii

224 1141 369 1210 excidere
382 1167 450 1210 non
465 1159 621 1234 potuerat.

667 1293 761 1362 VIII.

273 1441 439 1492 inversus
454 1425 519 1493 Sat.
536 1427 569 1508 I,
586 1429 648 1492 113
662 1451 732 1519 sqq.

616 1583 651 1593 —
668 1559 713 1606 etsi
731 1556 827 1606 iunmta
846 1557 949 1607 Pecunia
968 1559 1058 1622 templo

368 1649 478 1700 Nondum
496 1651 600 1709 habitas,
621 1653 701 1700 nuilus
719 1666 872 1702 nummorum
891 1654 1013 1702 ereximus
1030 1669 1095 1715 erne,

369 1745 399 1794 tu
417 1747 505 1796 colitur
522 1747 571 1796 Pax
589 1755 662 1810 atque
682 1747 765 1805 iides,
789 1747 909 1805 Victoria,
931 1747 1024 1808 Virtus,

369 1842 486 1905 Quaeque
504 1845 609 1893 salutato
627 1843 729 1906 crepitat
747 1841 879 1892 concordia
897 1843 963 1892 nido.

274 1942 372 2009 Multi
399 1947 433 2012 in
461 1965 619 2036 postremo
640 1971 734 2014 versu
754 1943 942 2036 explicando
966 1948 1151 2036 interpretes
1175 1963 1207 2012 et

227 2055 387 2124 sudarunt
411 2073 443 2126 et
461 2060 632 2127 haeserunt
652 2077 725 2126 ante
742 2083 847 2152 *quam
868 2079 895 2124 c.
924 2079 1074 2126 nnmnmu
1095 2083 1206 2128 emen-

228 2169 304 2238 dare
324 2195 400 2239 eum
421 2179 602 2265 conjectura
624 2191 756 2241 conatus
771 2192 831 2240 est:
851 2171 968 2266 Cuique
987 2175 1122 2240 salutato
1136 2198 1206 2242 cre-

224 2293 310 2372 punt
329 2290 521 2354 crotalistria
541 2291 626 2354 nnio.
655 2287 843 2358 Scholiasies
856 2289 913 2354 ad:
932 2289 1101 2354 concordia
1113 2289 1205 2354 nido:

230 2398 372 2464 “ciconia
381 2451 391 2482 ‚
407 2423 491 2492 quae
507 2417 617 2468 contra
633 2401 790 2493 templum
811 2401 1008 2468 Concordiae
1023 2426 1060 2468 en
1076 2399 1208 2468 consilio

230 2513 322 2576 rostri
343 2515 485 2579 sonitum
512 2513 594 2580 fecit.
631 2513 805 2605 Templum
827 2514 1024 2582 Concordiae
1045 2531 1151 2598 vetus,
1174 2517 1207 2580 in

231 2647 297 2716 quo
321 2625 424 2694 multa
442 2631 568 2696 'ciconia
590 2628 667 2698 est.’'
695 2629 827 2698 Salmas.
848 2630 890 2695 ad
911 2627 1047 2696 Tertull.
1062 2629 1107 2713 *de
1128 2627 1208 2696 Pell.

229 2763 263 2830 p.
291 2743 354 2810 237
377 2742 454 2838 legit
478 2771 520 2813 ex
541 2747 693 2828 concilio,
716 2744 894 2836 explicans:
919 2769 960 2810 ee
986 2753 1209 2834 compositione

229 2865 326 2922 rostri
330 2881 344 2941 ,·
358 2857 513 2930 Heinrich
529 2860 577 2926 ed.
593 2859 710 2928 Juven.
726 2861 752 2925 i.
771 2884 803 2950 p.
821 2859 885 2924 336
900 2856 976 2952 legit
989 2883 1031 2924 en
1046 2857 1209 2924 collisione

229 2978 344 3052 rostri,
368 2969 420 3039 vel
435 2975 559 3039 collisu.
581 2971 696 3066 Angel.
716 2969 893 3039 Politianus
907 2973 999 3038 Misc.
1015 2996 1042 3037 c.
1060 2969 1117 3036 67:
1129 2977 1209 3062 “pro

228 3101 391 3172 comperto
408 3090 473 3175 jam
495 3085 644 3168 habetur,
659 3095 812 3152 ciconiam
828 3108 911 3168 esse,
932 3109 997 3175 que
1013 3083 1210 3150 Concordiae

227 3215 517 3284 repraesentaretur
537 3199 625 3290 apud
643 3201 761 3290 priscos
782 3197 916 3292 effigies,
938 3215 1034 3288 atque
1051 3199 1093 3262 ita
1111 3199 1210 3264 versi-

227 3307 341 3376 culum
360 3311 524 3380 iuvenalis
550 3337 660 3380 omnes
680 3315 939 3402 interpretantur.
966 3309 1036 3404 Ego
1055 3319 1210 3376 cornicem
1288 3370 1293 3381 ,

227 3423 329 3515 magis
343 3427 483 3515 accipio,
507 3425 623 3492 ductus
638 3424 765 3492 Heliani
786 3423 939 3514 (Aeliani)
955 3422 1068 3489 Graeci
1084 3421 1123 3486 de
1140 3423 1211 3486 ani-

226 3533 368 3602 malibus
383 3535 406 3602 l.
423 3537 473 3603 ΙΙΙ
488 3539 668 3604 testimonio
686 3577 738 3602 -.
763 3537 804 3602 ln
819 3537 1018 3602 numismatis
1033 3535 1136 3599 aureis
1149 3534 1211 3599 du-

227 3647 313 3715 obus
331 3649 502 3717 Faustinae
521 3649 686 3744 Augustae
703 3649 904 3716 manifestam
923 3669 1052 3739 prorsus
1064 3647 1212 3740 imagun-

227 3760 337 3828 culam
355 3787 460 3854 nuper
478 3763 557 3829 mihi
576 3763 769 3830 Laurentius
782 3762 922 3828 Medices
935 3759 1072 3827 ostendit
1083 3785 1158 3827 curn
1170 3763 1212 3826 ti·

229 3873 300 3940 tulo
313 3878 381 3965 ipso
395 3875 625 3944 Concordiae.”
644 3877 766 3942 Eadem
780 3875 948 3956 Heinrich,
961 3875 1018 3966 qui
1031 3899 1134 3964 quum
1140 3875 1211 3939 Pie-

228 3991 302 4056 tatis
319 4013 459 4073 numen,
480 3996 572 4082 cujus
591 3993 712 4057 ciconia
736 3993 864 4082 signum
887 4006 950 4070 est,
967 3987 1134 4081 significari
1151 3987 1212 4052 hoc

229 4128 325 4172 versu
337 4103 398 4171 sibi
410 4094 596 4195 persuasum
608 4105 750 4186 haberet,
765 4104 960 4194 videretque,
974 4111 1111 4181 ciconia,
1124 4099 1213 4189 quod
