2942 4902
650 397 693 463 45

188 605 238 652 tur
261 587 351 680 origo
377 601 409 652 et
440 585 688 653 fundamentum
712 585 799 652 iliius
823 587 1026 669 concordiae,
1048 603 1080 653 et
1095 611 1169 676 per,

186 699 274 792 quod
294 699 362 766 sere
376 699 462 767 idem
482 717 529 767 est
552 725 589 766 ac
604 717 749 792 propter,
772 702 905 767 omnino
926 717 1017 768 notat
1029 723 1168 781 oausam,

185 813 347 905 quidquid
376 829 487 880 contra
517 813 658 904 diaputu
691 813 855 881 Dronkius
883 817 918 882 in
951 815 1025 882 edit.
1061 811 1184 879 altera.'

185 929 275 1012 Quae
303 943 503 1016 sequuntur:
545 944 578 994 et
613 937 745 994 invicem
780 953 816 996 ee
850 929 1071 1020 anteponendo
1100 949 1168 993 non

185 1044 306 1134 integra
337 1041 457 1132 judico.
502 1041 578 1107 Non
606 1039 757 1131 equidem
782 1065 881 1136 nego,
905 1042 994 1132 quod
1022 1040 1169 1108 Ciceroni

184 1171 227 1221 eat
252 1163 390 1221 interae
408 1176 536 1236 amare,
554 1155 676 1236 colem,
698 1155 849 1245 diligere,
864 1155 898 1221 id
911 1153 1000 1246 apud
1019 1153 1169 1220 Tacitum

185 1285 215 1333 et
237 1265 387 1358 aequales
411 1291 479 1334 non
503 1267 600 1333 modo
627 1267 691 1332 dici
713 1276 844 1334 invicem
873 1291 983 1333 amare
1010 1283 1089 1349 cet,
1113 1265 1169 1334 aed

184 1383 278 1449 etiam
297 1390 430 1448 invicem
447 1405 481 1446 ee
503 1405 629 1462 amore,
653 1381 693 1460 de
714 1405 780 1472 quo
801 1379 950 1448 dubitare
968 1403 1036 1446 non
1057 1377 1170 1446 'sinunt

185 1494 261 1560 haec
281 1491 380 1559 Plinii
400 1493 502 1584 Epist.
536 1493 597 1558 III.
625 1495 657 1558 7.
680 1495 722 1558 ii)
746 1493 854 1583 ἀγαθή
873 1491 988 1582 dieat,
1008 1517 1102 1584 quum
1117 1495 1169 1557 ''in-

189 1616 287 1672 eieem
301 1629 337 1670 ae
355 1615 473 1672 mutuis
489 1606 761 1673 exhortationibus
779 1616 876 1671 amici
895 1607 941 1670 od
960 1629 1098 1672 amorem
1109 1614 1169 1671 im·
1259 1651 1261 1656 -

186 1720 391 1788 monalttatta
408 1733 586 1804 enatarem
603 1743 734 1803 verum,
761 1737 800 1786 ut
818 1743 915 1786 nemo
937 1720 1017 1786 dixit
1037 1729 1169 1786 interae

184 1851 395 1926 anteponere,
418 1838 462 1902 ita
485 1859 552 1902 non
575 1837 681 1928 potuit
699 1838 831 1902 Tacitus
853 1834 1004 1932 soriitere:
1020 1831 1169 1926 Agricola

184 1964 216 2012 et
245 1947 422 2014 Decidiana
450 1950 588 2016 invicem
617 1957 649 2016 s'e
679 1947 932 2039 anteponebant,
962 1969 1029 2013 non
1061 1947 1169 2012 addito

185 2063 318 2127 nomine
329 2085 482 2150 personae
498 2079 555 2128 aut
569 2064 625 2145 rei,
641 2064 694 2128 cui
709 2061 789 2129 alter
801 2060 938 2128 alterum
952 2075 1167 2150 anteponeret.

184 2171 271 2266 Ergo
296 2189 354 2240 aut
369 2176 588 2265 anteponendo
609 2177 760 2243 vitiosum
778 2191 840 2257 est,
862 2191 918 2240 aut
937 2173 1062 2240 dativus
1084 2175 1170 2239 exci-

185 2285 242 2352 dit.
288 2286 411 2353 Utrum
429 2287 631 2378 probabiiiue
651 2290 707 2370 sit,
725 2289 823 2354 modo
842 2287 1033 2354 videbimus.
1075 2286 1170 2354 Prius

185 2399 423 2468 consideremus
445 2423 570 2467 necesse
595 2419 641 2468 est
662 2401 811 2468 ultimam
832 2404 1005 2468 sententiae
1027 2417 1170 2491 partem,

187 2537 287 2601 quam
293 2513 449 2604 adjectam
456 2536 521 2580 esse
529 2513 571 2580 ad
579 2511 709 2582 laudem
721 2539 829 2582 socrus
841 2516 1015 2604 superstitis
1021 2515 1103 2605 (cap.
1112 2514 1171 2604 di)

184 2628 297 2692 merito
317 2625 465 2694 observat
482 2625 633 2694 Orelliua.
680 2629 744 2696 Sed
768 2629 1007 2719 interpretando
1028 2651 1096 2694 non
1119 2653 1171 2694 re-

187 2753 357 2808 moverunt
382 2741 516 2808 editores
541 2740 779 2826 difficultatem,
805 2765 891 2834 quae
907 2743 1010 2807 oritur
1034 2742 1170 2830 eparti-

186 2853 266 2920 culis
284 2863 349 2920 nist
373 2856 473 2946 quod,
495 2879 578 2947 quae
597 2879 664 2922 non
682 2859 788 2937 ἅπλῶς
822 2857 1016 2924 adversative
1038 2875 1170 2944 ponun-

187 2984 250 3050 tur,
281 2969 426 3036 sedtum
445 2969 587 3054 demum,
612 2965 777 3061 sialiquid
795 2971 936 3054 additur,
959 2970 1049 3061 quod
1073 2967 1170 3036 modo

189 3079 270 3148 dicta
290 3083 428 3174 corrigat
451 3081 503 3150 vel
523 3082 771 3149 circumscribat.
815 3081 972 3174 Exempla
1003 3083 1067 3172 peti
1096 3105 1170 3172 pos-

189 3213 263 3262 sunt
287 3220 327 3263 ex
347 3195 466 3262 Handii
489 3195 674 3263 Turaeilino
696 3197 756 3264 IV.
779 3221 813 3287 p.
834 3195 899 3262 936
920 3219 980 3287 sq,
1000 3197 1058 3286 qui
1071 3195 1170 3287 hujus

188 3333 320 3398 qnoque
334 3308 396 3375 loci
410 3333 533 3376 memor
547 3311 698 3386 Tacitum
711 3310 792 3379 haec
807 3333 845 3378 eo
862 3309 994 3376 consilio
1015 3309 1171 3377 addidisse

188 3437 295 3510 putat,
325 3438 364 3488 ut
392 3447 520 3489 causam
550 3423 767 3491 admirationis
788 3427 878 3514 (nam
908 3423 1029 3489 dixerat
1056 3433 1169 3488 miram

189 3535 405 3622 concordiam)
435 3536 571 3602 minuat.
617 3533 727 3624 Atque
754 3535 870 3618 verba,
894 3552 932 3600 ut
958 3557 1049 3600 nunc
1079 3549 1169 3616 sunt,
1247 3581 1249 3586 ·

189 3645 278 3714 aliter
290 3645 441 3737 explicari
455 3673 524 3714 non
539 3672 629 3738 posse
644 3649 801 3728 conced03
816 3649 871 3716 sed
886 3651 958 3739 quis
974 3647 1053 3713 serat
1074 3643 1170 3713 Taci-

191 3777 259 3826 tum
273 3761 449 3828 dicentem:
466 3761 629 3830 Vixerunt
642 3763 725 3828 mira
740 3761 924 3842 concordia,
945 3758 1000 3826 sed
1018 3783 1085 3826 non
1107 3761 1170 3826 mi·

191 3899 258 3940 ram
277 3876 427 3956 dixerim,
449 3877 476 3941 si
498 3892 612 3964 reputo
632 3889 722 3939 tanto
736 3877 890 3965 majorem
909 3871 1038 3940 laudem
1055 3897 1120 3940 esse
1134 3874 1169 3938 in

191 3986 275 4055 bona
289 4013 404 4070 uxore,
419 4003 541 4079 quanto
556 3993 709 4077 majorem
724 3986 853 4078 culpam
867 3988 901 4051 in
915 3985 1021 4052 mala?
1050 3985 1170 4050 Contra

193 4101 266 4168 haec
281 4101 378 4168 verba
394 4103 550 4191 aptissimo
558 4098 776 4190 superioribus
791 4101 995 4188 adjiciuntur,
1011 4113 1170 4185 expuncto
