2772 4902
388 1217 393 1224 '
431 1202 822 1276 cott'ttutttxxto

176 1723 335 1826 coutt.
369 1723 666 1814 atuxtttntto
697 1725 1066 1810 Potttttstottu.

557 2077 713 2103 -4οου-

173 2347 291 2464 lugens
303 2373 366 2439 init
384 2369 551 2442 doctorum
564 2373 703 2440 virorum
719 2373 829 2464 copia,
855 2392 933 2461 quos
946 2369 1034 2437 nullo
1056 2390 1119 2437 non

134 2485 293 2555 literarum
306 2509 420 2577 genere
429 2488 504 2554 olim
517 2489 649 2557 Graecia
658 2488 743 2569 tulit,
757 2489 941 2554 innumerus
953 2488 1018 2553 iere
1028 2507 1116 2552 conr·

134 2603 356 2669 cantariorum
384 2603 556 2691 catalogus,
582 2601 697 2691 quibus
719 2601 761 2667 ab
780 2599 891 2667 iisdem
911 2599 959 2666 rel
981 2599 1118 2667 eruditio

134 2715 266 2802 probata
290 2727 339 2782 eat
360 2714 409 2782 vel
441 2715 635 2784 declaratum
660 2715 840 2805 ingenium
866 2711 919 2780 sed
942 2713 992 2778 rix
1015 2712 1121 2780 cuius·

136 2851 224 2918 qurm
248 2827 388 2896 nominis
405 2827 511 2920 plures
538 2831 707 2921 scriptores
727 2843 823 2921 qnam
837 2826 1039 2894 Alexandri
1055 2827 1118 2896 lan·

135 2939 218 3010 datos
240 2943 395 3008 invandas.
435 2943 512 3010 Noti
534 2957 607 3010 snut
628 2944 803 3012 Alexander
829 2941 986 3032 Aequores
1006 2955 1038 3010 et
1060 2940 1120 3008 Se·

136 3056 302 3124 latomia
315 3055 514 3148 philosophi,
533 3081 668 3149 qnorum
685 3047 764 3125 alter
778 3059 935 3149 Sosigenis
947 3057 1119 3150 discipulus

137 3171 272 3240 innituit
306 3171 481 3254 Neronem,
517 3172 594 3240 altor
623 3175 855 3263 Πηλοπλάτων
883 3175 1119 3264 cognominatus

137 3284 270 3377 Trojano
286 3299 318 3354 et
330 3287 492 3354 Hadriano
507 3287 614 3378 lmpp.
631 3289 755 3367 floruit,
770 3287 915 3354 Favorini
932 3288 1119 3354 Arelatensis

137 3415 166 3466 at
190 3401 334 3490 Dionysii
354 3401 467 3468 Milesii
491 3401 628 3469 auditor.
677 3401 916 3469 Commentariis
950 3403 984 3466 in
1003 3403 1120 3468 Aristo-

140 3512 230 3580 telem
252 3514 365 3598 editis,
401 3515 484 3582 nude
506 3521 690 3607 Ἐξηγητοῦ
714 3518 837 3607 aceepit
859 3536 1048 3604 cognomen,
1073 3515 1120 3580 in·

140 3627 251 3694 claruit
272 3631 466 3720 temporibus
479 3632 587 3700 Severi
609 3645 642 3698 et
666 3631 817 3699 Antonini
833 3629 1011 3696 Caracallus
1030 3629 1121 3696 Aler-

142 3743 234 3808 ander
267 3741 575 3834 Aphrodisienses,
606 3769 642 3813 ex
666 3743 828 3811 Aristoclis
853 3745 993 3810 Messenii
1015 3741 1119 3810 schola

139 3857 307 3944 proiectus.
348 3857 533 3925 celebratur
557 3861 589 3928 in
603 3858 780 3925 rhetoribus
807 3858 982 3924 Alexander
999 3857 1119 3924 Nume-

143 3975 225 4037 nius.
264 3973 501 4042 Nobilissimum
527 3975 588 4042 fuit
607 3975 777 4042 Ptolemaei
801 3971 1000 4062 Philadelphi
1021 3983 1121 4036 aetate

147 4081 308 4154 Alexandri
344 4089 459 4154 Aetoli
490 4114 515 4154 s·
544 4089 730 4156 Pleuronis'
763 4111 893 4166 nomen,
932 4087 1120 4173 tragicorum
