2942 4902
285 554 392 622 lorum
407 553 568 621 nobilium
587 554 835 621 introductiones
846 551 1014 621 nonnullis
1026 552 1187 622 iudicibus
1203 576 1262 643 pro

285 668 437 736 mercedis
454 665 586 734 cumulo
605 665 747 734 firemnt.
779 667 838 750 Ita,
858 689 984 734 summo
1000 665 1138 734 diwessu
1159 664 1263 732 bono-

286 809 370 866 rum,
388 782 484 874 pleno
504 783 574 850 foro
588 775 765 866 servornm,
785 783 884 851 XXV
904 783 1022 850 iudices
1036 785 1080 848 ita
1101 782 1195 850 fortes
1215 799 1263 848 ta-

286 921 360 966 men
375 897 523 980 furerent,
544 915 598 978 ut,
622 921 748 967 summo
766 899 928 987 proposito
944 896 1106 987 periculo,
1120 896 1172 964 vel
1190 921 1263 988 per-

286 1014 331 1080 ire
352 1011 525 1082 maluerint
547 1037 646 1105 quam
668 1014 800 1104 perdere
823 1015 950 1086 omnis:
971 1013 1086 1080 XXXI
1113 1009 1262 1092 firment,

286 1149 367 1216 quos
388 1126 485 1195 semes
510 1128 610 1220 magis
632 1151 731 1218 quam
755 1125 838 1192 fama
862 1125 1078 1191 commoverit.
1114 1125 1263 1207 Quorum

286 1239 421 1306 Catulus
437 1265 542 1332 quum
557 1241 684 1308 vidisset
703 1241 891 1333 quemdam:
912 1237 1022 1322 “Quid
1040 1261 1114 1317 vos,
1139 1239 1261 1328 inquit,

286 1353 479 1442 praesidium
499 1341 517 1420 Ξι
537 1353 630 1420 nobis
643 1351 875 1444 postulabatis?
892 1377 944 1433 an,
967 1373 1008 1419 ne
1028 1353 1154 1418 nummi
1171 1350 1262 1418 vobis

286 1467 496 1555 eriperentur,
518 1466 716 1534 timebatis?”

331 1577 446 1662 Habes,
467 1597 505 1646 ut
523 1566 706 1648 brevissime
722 1582 826 1671 potui,
845 1603 947 1674 genus
966 1577 1074 1646 iudicii
1089 1594 1263 1645 etecusam

286 1691 503 1761 absolutionis.
1250 1673 1254 1680 ’

329 1919 422 1988 VIII.
446 1923 501 1988 93.
523 1921 616 1991 Sed¹
640 1941 747 1992 tamen
768 1924 906 2004 nonita,
929 1938 967 1988 ut
986 1936 1148 2011 spontane
1168 1917 1262 2000 mali,

285 2051 373 2102 tanto
389 2037 535 2126 imposito
550 2039 595 2103 rei
616 2035 766 2127 publicae
788 2035 932 2118 vulnere,
953 2035 1064 2102 alacris
1085 2033 1263 2102 exsultabat

285 2149 471 2239 improbitas
484 2151 519 2216 in
530 2151 671 2216 victoria.
692 2151 776 2216 Nam
788 2147 883 2241 plane
893 2152 936 2216 ita
944 2163 1144 2240 putaverant,
1158 2171 1262 2238 quum

285 2259 406 2354 religio,
418 2285 523 2354 quum
541 2263 705 2353 pudicitie,
723 2285 829 2354 quum
848 2264 1041 2330 iudiciorum
1055 2261 1143 2344 lidos,
1157 2283 1262 2352 quum

285 2391 411 2442 senatus
434 2378 604 2444 auctoritas
622 2379 828 2460 concidisset,
852 2377 939 2460 sore,
965 2395 1003 2446 ιιι
1022 2393 1128 2468 aperte
1150 2377 1261 2442 victrix

285 2491 428 2580 nequitia
450 2513 486 2556 ac
512 2489 614 2557 libido
636 2513 755 2581 poenas
782 2490 824 2557 ab
845 2492 965 2580 optimo
986 2513 1118 2581 quoque
1144 2505 1264 2580 peteret

284 2606 334 2670 sui
355 2603 485 2686 doloris,
506 2629 604 2698 quem
621 2603 854 2696 improbissimo
872 2608 991 2697 cuique
1007 2606 1163 2672 inusserat
1174 2627 1263 2670 scre-

285 2719 359 2784 ritas
381 2717 565 2786 consulatus
592 2720 664 2786 mei.
698 2719 752 2784 24.
779 2719 871 2785 Idem
892 2742 950 2812 ego
976 2720 1113 2785 recreavi
1134 2717 1262 2786 afflictos

284 2834 406 2898 animos
423 2832 590 2900 bonorum
600 2855 876 2925 unumquemque
891 2831 1099 2914 confirmans,
1112 2833 1260 2898 excitans.

285 2944 480 3011 lnwctandis
504 2966 580 3012 vero
603 2945 861 3038 exagitandisque
887 2945 1076 3011 nummariis
1102 2943 1262 3010 iudicibus

284 3079 413 3123 omnem
433 3057 583 3124 omnibus
602 3059 748 3126 studiosis
765 3081 802 3124 ac
821 3057 1001 3124 fautoribus
1016 3056 1103 3124 illius
1113 3059 1262 3126 victoriae

284 3172 453 3258 παῤῥησίαι
468 3171 588 3261 eripui3
612 3171 760 3238 Pisonem
779 3168 944 3238 constdem
963 3167 1054 3238 nulla
1071 3172 1106 3236 in
1127 3193 1161 3238 re
1181 3194 1261 3237 oon-

284 3285 390 3350 sistere
416 3307 562 3376 unquam
594 3309 666 3352 sum
692 3309 817 3376 passus3
839 3285 1027 3374 desponsam
1050 3283 1173 3350 bomini
1199 3286 1262 3350 iam

284 3395 409 3488 Syriam
425 3397 546 3478 edemi3
562 3413 709 3465 senatum
725 3398 767 3464 ad
780 3399 946 3488 pristinam
961 3421 1053 3464 suam
1066 3399 1262 3475 severitatem

285 3513 427 3578 revocavi
444 3527 541 3604 atque
563 3511 723 3578 abiectum
736 3512 885 3590 excitavi3
898 3507 1050 3578 Clodium
1066 3527 1262 3599 praesentem

284 3622 361 3716 fregi
385 3625 419 3690 in
447 3641 559 3692 senatu
583 3649 687 3715 quum
715 3626 856 3691 oratione
877 3639 1053 3714 perpetua,
1081 3623 1262 3714 plenissima

284 3742 452 3832 gravitatis,
464 3758 534 3810 tum
545 3741 745 3810 altercatione
763 3741 928 3823 eiusmodi,
943 3765 980 3808 ex
993 3766 1058 3832 qua
1071 3739 1144 3808 licet
1160 3765 1261 3832 penca

284 3852 437 3946 degustes.
463 3857 516 3920 25.
543 3857 638 3934 Nam,
661 3873 697 3921 ut
719 3854 803 3921 ldib.
819 3855 912 3923 Maiis
932 3857 966 3922 in
985 3871 1131 3922 senatum
1146 3875 1262 3922 conve-
