2914 4902
789 361 849 426 180

264 616 268 624 ,
373 554 429 614 καί
454 549 619 632 διαφωνία
643 548 771 627 γίνεται
791 547 902 624 αὐτοῖς
923 547 967 612 δι’
980 544 1166 633 ὅπερβολὰν
1184 549 1240 612 καί
1254 545 1306 614 ἔί·

371 662 496 750 λειψιν.
520 665 670 747 Φανερὸν
693 656 753 738 ὧν,
774 665 856 728 ὅκκα
871 664 931 746 μὲν
948 664 984 726 τὸ
1006 659 1191 742 λογιστικόν
1211 659 1306 747 μέρος

368 783 427 852 τᾶς
441 785 553 864 ψυχᾶς
568 779 710 861 ἐγκρατῆ
726 781 771 844 τῶ
792 774 914 858 οίίὸγω,
932 777 1061 856 γίνεται
1081 777 1233 860 καρτερία
1248 778 1304 842 καί

369 894 553 975 ἐγκράτεια·
573 893 655 958 ὅκκα
671 891 706 957 δέ
724 895 762 957 τό
777 888 900 972 ἄλογον
915 889 1010 976 μέρος
1025 899 1150 976 ψυχᾶς,
1165 889 1306 973 οἷκραοίοι

368 1007 425 1070 καί
447 1003 595 1090 μαλακία
624 1009 693 1072 κτὲ.
734 1002 832 1070 Initio
859 1025 918 1092 pro
940 1006 1081 1090 φανερὸν
1104 995 1152 1070 ὧν
1177 999 1244 1089 lego
1266 1027 1303 1085 φ.

368 1111 416 1186 ὧν
438 1121 504 1184 ὅτι.
553 1117 614 1182 Pro
630 1123 772 1204 ἐγκρατῆ
794 1115 851 1204 leg.
870 1121 1044 1205 ἐπικρατῇ;
1064 1115 1137 1181 dein
1157 1113 1306 1181 excidisse

366 1228 511 1296 videntur
529 1230 621 1296 verba
641 1237 686 1300 τῶ
700 1232 876 1314 λογιοτικιῐι
887 1233 998 1317 μέρεος
1023 1240 1094 1319 post
1111 1234 1196 1300 ὅκκα
1214 1231 1250 1298 δέ
1268 1231 1307 1296 τὸ

363 1345 488 1427 ἄλογον
500 1346 595 1430 μέρος
608 1351 692 1426 (τᾶς)
702 1355 826 1433 ψυχᾶς.
844 1344 896 1412 cf.
908 1343 1028 1410 Ibidem
1039 1343 1080 1410 L.
1094 1347 1151 1411 67.
1173 1343 1226 1411 lin.
1248 1345 1302 1409 44.

320 1454 407 1522 lbid.
423 1457 524 1522 infin.
545 1443 779 1528 Σοντέτακται
797 1464 857 1545 γὰρ
876 1465 913 1527 τὸ
928 1461 1044 1548 γέρρον
1058 1460 1158 1528 ἕνεκα
1169 1465 1213 1528 τῶ
1230 1459 1293 1549 βε).

364 1576 484 1652 τίονος,
499 1579 542 1651 ιὸς
561 1581 596 1642 ἐν
616 1579 676 1659 μέν
694 1585 740 1660 τῷ
759 1581 865 1662 κόσμῳ
880 1579 917 1640 τό
940 1575 1185 1652 αἐιπαθίςιτᾰν
1206 1573 1305 1659 μέρος

362 1688 462 1756 ’ένεκα
486 1695 531 1756 τῶ
548 1691 725 1758 οίεικινάτω
742 1687 814 1776 (leg.
838 1689 1009 1774 οίκιυάτω),
1025 1693 1061 1756 ίν
1087 1689 1121 1756 δέ
1146 1699 1187 1775 τᾷ
1205 1691 1303 1766 συζυ-

362 1807 421 1886 γίᾳ
450 1811 517 1872 τῶν
548 1807 639 1882 ζώων
666 1810 703 1872 τὸ
726 1804 814 1887 θῆλυ
835 1803 933 1872 ’ἕνεκα
952 1807 996 1870 τῶ
1016 1807 1164 1890 ἄρρενος.
1213 1799 1301 1868 Idem

362 1917 473 1982 vitium
485 1921 660 1985 αἐικινάτω
672 1938 729 2005 pro
741 1921 832 1986 οἰκιυ.
846 1915 968 1984 duobus
983 1915 1060 1982 locis
1083 1912 1302 2002 corrigendum

362 2029 422 2096 Tit.
448 2031 508 2098 Ill.
532 2031 566 2096 L.
592 2033 648 2096 75.
676 2032 742 2096 init.

316 2143 355 2210 L.
380 2147 433 2210 66.
479 2147 638 2215 Κλεινίου
661 2150 898 2234 Πυθαγορείου
925 2148 1138 2230 Ταραντίνου
1166 2148 1202 2212 ίκ
1233 2149 1300 2210 τῶν

361 2268 434 2347 περί
457 2266 625 2340 όοιὸτατος
649 2267 705 2330 καί
729 2267 906 2352 εὐσεβείας.

407 2383 548 2443 ....Λεῖ
569 2386 744 2463 τοιγαροῦν
766 2380 951 2463 γνωρίζειν,
976 2381 1028 2446 ὅτι
1051 2381 1179 2454 τούτοις
1207 2376 1300 2444 α’ντι·

359 2493 495 2574 θέμενοι
519 2489 589 2558 οἷὸν
612 2494 647 2560 τέ
669 2497 779 2570 ἐστιν,
799 2498 822 2560 ὅ
841 2498 901 2579 μέν
924 2495 1028 2580 φόβον
1054 2496 1299 2576 ίμποιροιοκευά-

360 2607 452 2684 ζοντι
473 2614 542 2682 τοῖς
565 2608 768 2692 ἀνθρώποις,
783 2611 805 2672 ὅ
818 2607 853 2674 δέ
870 2611 1042 2695 αίοχείναν,
1058 2610 1081 2674 οἳ
1100 2607 1134 2674 δέ
1156 2610 1212 2672 καί
1229 2610 1299 2672 lm·
1405 2591 1406 2602 ί

358 2723 501 2805 θυμίαν.
549 2719 632 2806 Lege
655 2723 837 2806 α’ντιθέμεν
860 2719 932 2792 οίόν
952 2722 988 2788 τέ
1011 2725 1112 2790 ἐστιν.

314 2833 350 2900 L.
375 2834 430 2900 67.
478 2839 622 2916 Θεαγοῦς
642 2843 781 2916 Ποὸαγ.
808 2841 843 2903 ἐκ
862 2842 921 2904 τοῦ
946 2841 1020 2922 περί
1044 2831 1195 2922 Ἀρετῆς.

403 2955 524 3016 ....Τὸ
551 2955 612 3033 μέν
647 2959 707 3034 γάρ
735 2977 768 3016 τι
791 2954 894 3028 αὑτᾶς
923 2955 990 3018 ἐστι
1016 2950 1178 3036 λογισμὸς,
1200 2955 1239 3018 τὸ
1260 2948 1294 3014 δέ

356 3068 502 3145 θείμαοις
527 3061 608 3149 (lege
627 3061 763 3150 θυμὸς),
792 3069 829 3131 τὸ
854 3065 883 3132 δ’
904 3067 1083 3148 ἐπιθυμία·
1130 3065 1295 3148 Λογιομὸς

282 3185 285 3198 ’
354 3181 413 3258 μέν
434 3170 481 3246 ὧν
497 3181 516 3243 ὅ
535 3179 680 3264 κρατέων
695 3191 755 3256 τᾶς
771 3185 919 3261 γνὼοιος·
941 3183 1047 3264 θυμὸς
1063 3179 1097 3244 δέ
1118 3177 1292 3264 ὅκρατέων

356 3298 401 3356 τῶ
433 3291 559 3373 μένεος·
586 3295 748 3377 ἐπιθυμία
773 3293 807 3359 δέ
832 3301 852 3376 η’
876 3299 1038 3376 κρατοῦσα
1061 3299 1107 3359 τῶ
1133 3295 1292 3375 εἰτιθυμη·

354 3411 433 3470 τικῶ
459 3405 576 3481 α’ὅεῶς.
620 3405 665 3470 Ex
687 3405 802 3470 unciali
827 3405 980 3492 scriptura
1006 3409 1159 3483 ΑΔΕΟΕ
1185 3403 1291 3468 ultima

354 3539 409 3580 τοι
434 3515 558 3584 videtur
582 3517 664 3582 mule
689 3518 770 3584 lecta
794 3541 853 3607 pto
876 3525 1080 3600 ΜΕΡΕΟΕ.

305 3626 390 3695 Ibid.
406 3651 437 3716 p.
452 3634 485 3693 9.
501 3629 523 3696 l.
540 3632 570 3696 2.
595 3636 664 3700 Καί
682 3632 790 3710 ἄλλως
804 3633 839 3702 δέ
850 3641 1024 3702 πιστοῦται
1040 3637 1059 3700 ὅ
1075 3633 1171 3715 λόγος
1187 3630 1289 3712 ίξιιύ·

249 3810 255 3824 ,
351 3749 428 3812 τῶν.
441 3743 622 3832 Legendum
637 3743 760 3812 videtur
771 3749 957 3834 ὀνομάτων,
968 3746 1050 3835 quod
1066 3769 1130 3836 quo
1142 3763 1287 3834 compen·
1399 3763 1400 3776 2

352 3857 719 3936 dioscribalur,docetF.
728 3861 760 3928 J.
768 3861 890 3928 Bastius
904 3859 1024 3927 Gomm.
1037 3861 1099 3928 Pal.
1109 3883 1141 3950 p.
1153 3862 1231 3939 827;
1245 3876 1287 3922 se·

352 3972 460 4058 quitur
473 3973 576 4038 enim:
593 3979 676 4043 ὅκκα
691 3981 825 4064 μὲνγὰρ
840 3982 860 4044 ὅ
874 3983 947 4053 νόος
961 3989 1018 4055 τᾶς
1035 3985 1146 4066 ψυχᾶς
1160 3972 1284 4062 α’μβία·

351 4090 458 4176 κίοκῃ,
471 4089 666 4174 ὀνομάζεται
690 4101 710 4176 η’
726 4095 836 4162 τοιάδε
849 4095 998 4170 διάθεοις
1018 4095 1200 4179 α’φροοιίνα.
1219 4087 1282 4156 κτέ·
