2976 4900
674 347 739 414 tte

278 529 516 604 summram
540 528 676 601 domum
702 532 779 632 suris
804 529 858 599 HS
885 529 1061 604 XXXVII.
1108 533 1195 616 Quid

278 643 312 708 id
327 643 369 710 sd
383 641 460 712 mo?
481 645 619 733 inquies.
652 645 797 712 Tantum
814 645 904 734 quod
924 670 960 713 os
981 648 1142 736 emptione
1164 665 1195 714 et

210 757 266 824 81.
278 779 337 824 uos
354 755 440 824 bens
460 758 571 824 emitto
588 757 844 826 indicassemus
861 775 894 824 ot
910 759 1056 829 hominos
1074 759 1193 828 intolli-

277 895 350 964 gsro
381 887 557 962 eruperunt
587 870 681 946 lions
711 875 889 943 amisorum
918 872 1125 943 facultatibus
1160 878 1194 942 in

245 1049 291 1100 8³.
310 1050 440 1100 cxxxw.

303 1163 423 1174 -ψ-
430 1163 540 1172 -ι-
547 1165 570 1172 .-
606 1165 698 1173 ----.

288 1239 352 1280 non
384 1238 444 1280 esse
473 1217 522 1278 Gr.
551 1213 584 1280 rt
607 1220 681 1300 γάρ,
707 1217 758 1280 sod
784 1211 848 1300 τΙη,
875 1240 938 1304 quo
967 1229 1122 1291 utuntur,¹
1139 1219 1193 1304 qui

289 1321 396 1408 paullo
411 1325 559 1386 intentius
571 1337 732 1409 quaerunt.
763 1325 804 1386 CI.
819 1325 929 1386 liandii
944 1325 1025 1386 Iuro.
1037 1323 1076 1386 lv
1085 1371 1094 1402 ‚
1112 1345 1142 1408 p.
1155 1325 1194 1386 18

289 1435 319 1489 et
338 1427 387 1506 11,
412 1451 442 1514 p.
462 1427 541 1501 568,
571 1427 624 1489 ubi
652 1427 726 1492 haec
752 1425 841 1490 verba
868 1429 910 1490 sic
930 1429 1077 1514 explieat:
1096 1426 1192 1492 “Novi

291 1531 346 1594 tibi
366 1531 516 1616 quidnam
537 1531 688 1596 scribam?
709 1545 790 1596 estne
810 1533 953 1620 aliquid?
986 1535 1036 1596 Est
1054 1537 1152 1596 vero.''

207 1637 258 1700 8³.
281 1637 345 1700 HS.
366 1641 540 1701 XXXVII.
583 1639 692 1701 Omnes
714 1641 772 1700 sere
793 1639 880 1702 codd.
896 1639 999 1724 scripti
1018 1642 1051 1701 in
1065 1639 1124 1702 hoc
1139 1664 1193 1701 nu-

290 1765 372 1804 mero
391 1743 526 1804 turbant„
562 1741 629 1805 vid.
646 1743 750 1806 adnot.
767 1743 873 1807 OreIIii
891 1747 924 1806 in
942 1743 1013 1806 edit.
1032 1747 1138 1828 priore.
1171 1745 1192 1806 E

289 1847 376 1910 codd.
386 1849 525 1932 Hispanis
537 1847 612 1910 aiter
625 1845 718 1911 habet
728 1847 894 1926 cxxxllv,
909 1849 984 1912 alter
994 1845 1192 1911 cxxxxsslt.

288 1953 400 2040 Sequor
424 1955 652 2030 casaubonum,
679 1957 733 2041 qui
760 1969 836 2037 recte
863 1953 979 2020 iudicat
1004 1955 1192 2028 Ciceronem,

289 2063 343 2148 qui
362 2063 511 2146 superiore
529 2085 612 2126 auno
628 2063 752 2125 domum
773 2063 957 2136 Palatinam,
978 2081 1070 2148 quem
1089 2061 1124 2125 II.
1146 2064 1192 2124 Li-

287 2171 353 2229 vius
380 2165 491 2230 Drusus
518 2167 726 2232 aedificaverat
750 2169 840 2254 (velt.
863 2169 974 2231 Patere.
997 2169 1044 2242 11,
1069 2167 1134 2252 11),
1155 2169 1192 2230 de

288 2273 390 2336 Crasso
410 2285 522 2339 emerat
542 2277 586 2352 us
607 2273 709 2338 XXXV
729 2275 803 2361 (vid.
822 2275 903 2339 Fam.
925 2273 959 2352 V,
978 2275 1015 2352 6,
1033 2273 1065 2358 2)
1083 2299 1115 2337 o:
1140 2279 1192 2338 tri-

288 2379 346 2442 cies
367 2381 530 2465 quinquies
546 2381 692 2460 sestertio,
714 2403 803 2444 suum
823 2382 936 2446 sectum
954 2379 1109 2444 defendere
1124 2383 1192 2446 IIes-

287 2483 366 2548 salae
386 2488 552 2570 emptione,
567 2499 656 2571 atque
674 2489 786 2572 requiri
806 2499 859 2549 aut
876 2488 1006 2549 similem
1027 2499 1080 2550 aut
1093 2491 1192 2550 maio-

286 2613 348 2652 rem
365 2593 456 2654 etiam
476 2614 635 2653 summam.
674 2594 714 2655 At
734 2595 778 2656 lis
799 2593 940 2654 CXXXIV
960 2596 984 2654 si
1004 2593 1209 2676 explicamus·

285 2706 446 2758 sestertium
467 2709 571 2758 centies
592 2706 688 2760 tricies
707 2715 826 2776 quater,
845 2699 976 2780 pretium
994 2697 1113 2758 aedium
1128 2719 1190 2758 om·

287 2823 356 2862 nem
381 2799 474 2862 fidem
500 2813 632 2884 superat5
661 2803 709 2862 sin
737 2801 773 2862 de
799 2800 937 2880 millibus
962 2801 1079 2862 dietum
1106 2800 1189 2862 volu·

285 2931 367 2986 mus,
402 2909 476 2970 adeo
501 2911 613 2992 exigua
640 2927 757 2970 summa
773 2929 843 2970 eum
866 2907 1019 2970 Ciceronis
1039 2908 1190 2992 emptione

286 3018 412 3078 minime
428 3023 597 3102 comparari
616 3017 732 3100 poterit.

204 3126 253 3186 85.
275 3126 344 3186 berre
368 3134 469 3183 emisso
497 3125 659 3200 dicuntur,
688 3123 743 3206 qui
765 3123 844 3183 iusto
866 3123 964 3206 pretio
989 3135 1108 3197 emunt;
1134 3122 1188 3204 qui

286 3232 418 3294 nimiam
445 3251 555 3313 magno
578 3240 702 3305 emunt,
731 3235 806 3288 mate
831 3249 923 3288 emere
949 3225 1103 3288 dicuntur.
1145 3226 1190 3286 CI.

287 3335 473 3408 Au.11,4,
498 3338 524 3397 1.
567 3337 600 3412 Q.
618 3333 654 3396 sr.
673 3333 703 3410 I,
725 3333 758 3404 l,
779 3331 828 3394 3³.

204 3439 253 3504 86.
275 3451 428 3510 amicorum
443 3439 644 3520 facoltatibus.
677 3437 771 3501 Erant
787 3439 842 3522 qui
858 3437 991 3500 dicerent
1006 3435 1188 3508 Ciceronem,

287 3557 321 3609 ut
340 3547 460 3608 aedium
478 3547 608 3631 pretium
625 3546 765 3620 solveret,
787 3543 830 3604 lis
851 3545 939 3604 vicies
952 3556 1093 3604 mutuum
1111 3561 1189 3602 sum·

287 3655 377 3738 psisse
398 3675 414 3714 a
435 3653 467 3715 P.
484 3651 585 3725 Soita,
607 3673 697 3737 quens
715 3649 772 3714 ilio
788 3663 921 3734 tempore
937 3649 1096 3710 defendere
1110 3651 1189 3732 eogi-

287 3761 378 3823 tabat
408 3759 486 3822 eeu.
496 3759 531 3822 11.
542 3761 578 3823 Α.
590 3759 663 3838 XII,
685 3757 732 3822 12.
765 3759 865 3820 Fuerit
878 3757 1003 3832 Isisum5
1023 3757 1189 3818 meorum

287 3877 366 3926 uerte
383 3862 578 3928 facultatibus
598 3888 627 3928 se
647 3867 787 3928 sdiutum
807 3883 866 3926 esse
887 3883 951 3922 non
962 3873 1063 3946 negat
1090 3861 1190 3946 Atque

288 3975 471 4057 emptionem
493 3973 582 4036 ilium
605 3995 669 4036 non
696 3973 823 4036 amisse
844 3969 1016 4031 invidorum
1037 3967 1190 4053 rqrrehen·

289 4082 373 4142 sione
393 4091 515 4164 apparet
536 4101 575 4142 et
595 4101 641 4163 ep
666 4079 718 4148 16,
744 4078 781 4138 10
801 4075 833 4142 h.
855 4077 876 4138 I.
