2914 4902
791 379 852 441 178

330 567 439 634 icrtire
469 568 679 657 composuerit
703 562 750 635 ¹.''
798 563 966 632 hbcrerit
998 560 1172 630 Alexander
1195 564 1220 628 si
1242 583 1299 626 nou

329 679 471 763 scholae,
504 704 543 748 ex
568 705 630 771 que
653 682 812 770 proiectus
835 681 914 760 fuit,
943 692 975 746 et
998 678 1112 746 saecuti
1137 691 1222 745 certe
1243 699 1304 768 quc

329 799 405 863 risit
428 799 518 880 ritic,
544 797 704 865 doctrinae
727 797 965 862 ostentationem
990 794 1140 872 renuntio,
1166 793 1301 860 criticam
1395 773 1396 806 ³

328 933 439 999 perum
464 912 616 978 curantis.
664 909 770 978 olduic
800 912 950 1001 temporis
974 910 1115 999 iugenio,
1145 921 1180 973 ut
1202 921 1304 973 monet
1395 975 1396 990 χ

329 1025 487 1092 uerissime
516 1025 601 1094 idem
624 1024 800 1106 licerium,
832 1009 916 1092 totus
943 1024 1084 1090 inserviit
1107 1020 1302 1111 Polyhistor3

328 1137 421 1206 huius
450 1141 551 1230 imago
575 1143 642 1231 ipse
668 1155 733 1223 eet,
765 1143 796 1206 in
828 1139 913 1206 huuc
945 1161 1066 1206 sensum
1101 1139 1307 1228 undecunque

331 1267 430 1320 terrae
454 1279 502 1322 ree
525 1255 680 1346 mythicas
703 1255 925 1345 mirabilesque
938 1251 1101 1345 collegit.”
1136 1255 1236 1340 Quam
1253 1276 1308 1343 pc-

328 1368 512 1460 lymrthiam
545 1371 618 1462 ipsis
646 1372 806 1438 literarum
831 1369 941 1438 studiis
964 1369 1034 1460 pius
1056 1367 1202 1434 utilitatis
1226 1380 1309 1434 attu-

328 1483 400 1550 lirsc
423 1507 517 1574 quum
541 1485 730 1564 detrimenti,
754 1485 851 1550 nolim
875 1487 1004 1573 quidem
1028 1482 1235 1559 contendere,
1258 1482 1308 1549 scd

329 1620 426 1688 quum
450 1600 488 1666 iis
512 1601 704 1691 temporibus
729 1599 871 1668 Oratetee
896 1601 977 1666 rctic
1000 1600 1118 1665 Romae
1135 1598 1251 1665 multuo
1266 1621 1309 1664 er·

327 1725 375 1778 set
398 1727 564 1780 sectatores
597 1729 686 1780 nrota
719 1729 751 1782 et
784 1715 949 1803 inprimis
972 1713 1126 1804 probatu,
1158 1711 1244 1778 haud
1270 1713 1310 1777 its

329 1829 444 1893 mirum
466 1830 517 1908 sit,
544 1831 568 1894 si
592 1829 769 1896 Alexander
781 1851 909 1920 quoque
932 1827 1047 1895 multos
1070 1827 1108 1894 cd
1129 1851 1162 1895 ee
1184 1831 1310 1896 traxerit

327 1942 484 2009 auditores
515 1959 547 2010 et
579 1945 750 2012 imitrtcres
783 1945 947 2012 inrcuerit.
996 1945 1049 2011 Sic
1078 1946 1140 2011 sim
1165 1943 1309 2012 hebuerit

328 2079 470 2147 magnam
505 2080 629 2125 necesse
659 2071 706 2124 eet
730 2059 760 2124 in
785 2059 887 2126 studia
911 2059 1126 2126 Romanorum
1151 2058 1310 2141 literaria,

328 2193 408 2258 quoe
432 2185 534 2238 tamen
559 2171 659 2263 qualis
683 2173 779 2240 inerit
795 2174 942 2241 omuibus
958 2175 1143 2253 testimoniis
1163 2173 1314 2241 deiicien-

328 2287 413 2351 tibus
436 2287 549 2352 irustre
573 2287 787 2376 exquisiveris.
828 2287 1059 2378 Discipuicrum
1081 2289 1163 2353 enim
1183 2287 1313 2354 diemo·

328 2399 378 2466 dri
402 2423 499 2468 unum
517 2403 717 2490 cognorimus
736 2402 773 2471 C.
790 2402 850 2471 lui.
868 2401 1039 2492 Hyginum,
1057 2400 1174 2492 dequo
1197 2417 1232 2470 et
1248 2405 1314 2494 ipso

329 2514 402 2582 setis
430 2515 550 2582 incerte
581 2516 694 2583 omnis.
716 2515 720 2520 ’
744 2515 807 2585 Sed
834 2516 1120 2607 quomodocunque
1146 2517 1186 2585 de
1216 2518 1312 2587 Corn.

328 2628 502 2696 Alexandro
533 2651 657 2714 censes,
695 2630 850 2722 quidquid
874 2628 1018 2697 lendibus
1048 2633 1115 2699 einr
1141 2631 1191 2698 rei
1215 2631 1314 2700 demis

328 2743 376 2811 sei
399 2743 496 2822 addis,
519 2767 581 2811 uon
598 2757 701 2836 potent
717 2767 780 2811 nou
793 2743 904 2826 rideri,
921 2759 956 2812 ut
970 2744 1098 2813 Eusebii
1111 2747 1215 2814 serbis
1230 2759 1312 2828 utrr,

327 2858 492 2941 πολύιοιις
515 2869 574 2931 arnt
597 2863 795 2952 πολυμαθὴς
826 2867 910 2951 ἀνὴρ
934 2871 1003 2943 τοῖς
1026 2891 1061 2934 τε
1083 2871 1126 2951 μὴ
1150 2872 1314 2954 πάρεργον

328 2981 386 3046 τὸν
409 2980 475 3045 ἀπὸ
498 2979 653 3058 παιδείας
676 2983 805 3067 scendo
820 2979 1056 3067 πεποιημένοις
1070 2979 1214 3067 Ἕλλησι
1230 3007 1313 3064 yero-

329 3095 511 3176 ριμῶτατος
539 3091 563 3155 ².
1265 3105 1268 3110 '

336 3257 491 3269 --o-——a

364 3351 388 3416 ¹)
406 3371 429 3416 p.
447 3347 490 3402 30.
524 3351 640 3402 Reuehius
656 3369 727 3416 quum
743 3351 864 3417 imrgiucru
881 3341 1053 3404 'Icudcrt'srr'sr
1070 3351 1115 3402 ribi
1131 3323 1318 3403 inicmamst’er

329 3443 463 3496 Eurcbiruir
479 3445 607 3510 excerptis,
628 3446 693 3495 cuius
709 3445 743 3494 rei
759 3445 928 3510 perversitatem
944 3446 1097 3498 demonstrari
1113 3448 1127 3514 §
1145 3445 1193 3513 18,
1211 3447 1241 3500 sd
1259 3447 1318 3496 irrue

327 3555 429 3588 ucrmrm
444 3539 513 3589 orion
529 3539 558 3588 de
574 3539 654 3589 catoris
670 3539 736 3590 libris
751 3539 876 3590 flandri
892 3539 1026 3593 iudicatione
1042 3541 1140 3593 ridetur.

363 3630 390 3695 ²)
407 3631 488 3685 tnnc.
507 3634 597 3700 Proap.
617 3635 717 3700 Eueno.
733 3634 776 3688 lx.
796 3632 837 3691 tr.

757 3940 877 3962 -φ-
