2942 4902
788 373 809 437 6

310 577 438 624 mnatus
453 563 495 624 ita
513 581 544 624 se
570 558 716 651 gerebat,
738 579 804 622 non
823 555 927 623 solum
942 553 1079 622 consiliis
1091 555 1287 620 etsermoni-

283 723 285 732 .
310 672 388 753 bus,
407 695 521 740 uerum
544 675 638 738 etiam
662 670 813 760 adspectu
833 685 931 760 atque
949 665 1064 748 vultu,
1082 683 1122 732 ut
1139 667 1287 733 inimicus

310 809 375 852 esso
400 783 600 877 implissimis
626 784 813 865 ordinibus,
839 782 972 850 infestus
997 781 1092 848 bonis
1116 777 1285 859 omnibus,

311 901 408 968 hostis
427 903 546 990 patriae
563 899 734 966 videretur.
769 897 829 964 Hie
850 921 884 963 se
903 899 945 962 ita
970 894 1108 962 betam
1128 891 1184 960 illa
1203 891 1289 960 orla-

310 1015 419 1079 mitate
435 1030 533 1103 atque
551 1011 703 1079 afflictum
719 1013 861 1102 putavit,
879 1029 918 1077 ut
934 1007 1017 1076 nihil
1030 1009 1091 1076 eibi
1105 1031 1144 1075 ex
1155 1010 1289 1098 pristina

310 1127 463 1217 dignitate
486 1125 647 1215 superesse
663 1125 882 1206 arbitraretur,
902 1126 962 1190 nisi
977 1121 1067 1215 quod
1076 1121 1289 1193 modestiam-

312 1241 466 1305 tinuiseet.
498 1242 529 1303 7.
553 1237 621 1305 Hac
641 1261 717 1305 vero
733 1242 765 1304 in
782 1239 1014 1318 eoniuratione,
1032 1235 1113 1328 quid
1130 1253 1196 1302 tam
1210 1259 1288 1301 eon-

311 1354 472 1431 iunetum,
493 1376 593 1442 quam
608 1349 662 1418 ille
680 1375 756 1417 eum
772 1348 1010 1431 Catilinarum
1025 1347 1186 1415 Lentulo?
1205 1369 1289 1439 quae

311 1482 399 1531 tenta
420 1467 548 1532 societas
566 1463 641 1532 ullis
664 1468 747 1532 inter
760 1489 792 1531 se
810 1487 918 1531 rerum
938 1466 1149 1554 optimarum,
1167 1477 1288 1553 quanta
1316 1501 1320 1513 ι

290 1649 292 1656 ,
311 1581 339 1644 ei
354 1603 429 1644 eum
451 1577 512 1646 illis
530 1578 665 1659 soelerie,
678 1577 833 1661 libidinis,
842 1575 1015 1644 audaciae?
1028 1575 1118 1668 quod
1131 1575 1288 1669 flagitium

311 1691 468 1760 Lentulus
478 1717 545 1760 nou
557 1715 633 1760 oum
644 1692 805 1760 Autronio
814 1689 983 1785 eoneepit?
997 1691 1087 1782 quod
1097 1691 1164 1757 sine
1176 1690 1289 1757 eodem

310 1801 366 1871 illo
384 1804 531 1875 Catilina
540 1805 663 1874 facinus
683 1805 831 1872 admisit?
846 1789 951 1897 quum
965 1805 1093 1870 interim
1109 1801 1200 1871 Sulla
1212 1827 1289 1870 cum

214 1967 217 1974 -
310 1919 427 1986 eisdem
457 1917 520 1985 illis
549 1943 616 1986 non
643 1919 740 1984 modo
770 1935 897 1985 noctem
927 1915 1195 2008 solitudinemque
1219 1939 1287 1982 non

310 2049 490 2121 quaereret,
517 2031 572 2097 sed
597 2055 638 2097 ne
658 2032 808 2098 mediocri
827 2031 959 2122 quidem
982 2017 1127 2097 sermone
1152 2047 1183 2097 et
1209 2053 1288 2098 eurr·

310 2169 417 2246 gressu
437 2147 695 2237 coniungeretur.
725 2143 824 2210 Illum
847 2143 1054 2238 Allobroges,
1075 2147 1288 2211 maximarum

310 2279 419 2324 rerum
445 2259 598 2324 verissimi
626 2257 762 2338 indiues,
792 2257 886 2324 illum
912 2257 1089 2325 multorum
1115 2256 1223 2326 literae
1250 2283 1290 2326 aa

310 2373 417 2435 nuntii
436 2387 667 2464 coarguerunt:
683 2371 807 2438 Sullam
824 2375 943 2440 interea
964 2397 1060 2440 nemo
1077 2373 1288 2456 insimulavit,

310 2507 405 2551 nemo
420 2487 607 2550 nominavit.
636 2487 667 2551 8.
694 2487 873 2569 Postremo,
888 2489 986 2554 eiecto
1005 2487 1070 2554 sive
1088 2489 1200 2554 emisso
1224 2489 1288 2552 iam

310 2619 348 2662 ex
364 2597 456 2664 Urbe
477 2596 630 2679 Catilina,
651 2595 705 2664 ille
719 2623 806 2664 arma
823 2601 925 2681 misit,
943 2623 1079 2682 cornua,
1100 2599 1205 2682 tubas,
1229 2597 1289 2665 fal·

310 2731 370 2791 ces,
391 2711 490 2803 signa,
509 2709 664 2803 legiones:
686 2709 739 2777 ille
757 2710 886 2778 relictus
910 2713 1007 2794 intus,
1024 2729 1220 2802 exspectatus
1238 2711 1288 2777 fo-

310 2823 363 2903 ris,
385 2821 516 2890 Lentuli
534 2847 637 2914 poena
655 2849 851 2915 eompressus
861 2877 871 2908 ,
890 2829 1046 2894 convertit
1066 2849 1098 2893 se
1114 2825 1288 2918 aliquando

310 2933 351 2998 ud
375 2936 536 3018 timonem,
559 2961 731 3029 nunquam
753 2939 794 3004 ad
815 2941 990 3006 sanitatem.
1029 2939 1090 3004 Hic
1111 2956 1221 3005 eontra
1244 2941 1287 3006 ita

310 3047 446 3137 quievit,
464 3065 501 3116 ut
519 3073 556 3115 eo
576 3067 718 3140 tempore
734 3054 821 3116 omni
838 3049 971 3141 Neapoli
992 3051 1097 3133 fuerit,
1112 3051 1288 3144 uhineque

309 3159 454 3227 homines
480 3161 576 3229 fuisse
602 3181 759 3254 putantur
778 3165 876 3230 huius
897 3165 1005 3231 affines
1025 3167 1232 3255 suspicionis,
1252 3183 1287 3232 et

309 3269 397 3338 loeus
421 3291 467 3339 est
489 3276 555 3364 ipse
582 3295 650 3341 non
677 3293 743 3342 tem
761 3278 802 3343 ad
822 3275 1068 3344 inflammandos
1090 3275 1287 3344 calamitoso-

309 3411 382 3452 rum
412 3389 549 3472 animos,
583 3413 682 3480 quam
714 3391 755 3455 ad
786 3389 995 3457 oonsolandos
1022 3391 1286 3459 aeoommodaurs.

309 3501 467 3590 Propter¹
490 3502 575 3568 hanc
597 3504 696 3593 igitur
719 3519 841 3569 tantam
866 3503 1155 3572 dissimilitudinem
1181 3505 1286 3573 honri-

308 3636 389 3680 num
424 3632 520 3704 atque
557 3639 743 3696 causarum,
778 3615 959 3684 dissimilem
992 3643 1043 3685 me
1079 3622 1111 3684 in
1148 3637 1286 3710 utroque

308 3725 451 3812 praebui.
