2976 4900
666 365 723 430 tet

266 551 412 644 epistolas
435 551 762 646 lego,1nultoetians
783 554 892 644 magis.
923 550 1069 620 Omnino
1086 549 1184 618 intel-

265 667 329 761 ligo
354 665 485 734 nullum
507 666 602 734 fuisso
630 683 756 758 tempus
782 683 853 756 post
873 665 930 734 has
950 663 1041 758 sugas
1060 681 1092 731 et
1114 665 1182 732 for·

264 783 410 864 midine,
422 781 513 873 quod
527 782 625 874 magis
637 779 786 848 debuerit
797 795 927 846 mutum
938 803 1004 846 esse
1022 805 1040 846 a
1055 777 1182 860 litteris,

263 911 430 986 propterea
454 895 545 986 quod
569 917 675 986 neque
699 894 819 959 Romae
845 893 1027 984 quidquam
1052 893 1184 958 auditur

198 1011 251 1074 t5.
264 1011 357 1092 novi,
389 1033 449 1076 neo
476 1009 509 1074 in
539 1009 590 1074 his
612 1006 707 1090 locis,
730 1031 814 1100 quse
836 1031 854 1072 a
876 1006 1045 1072 Brundisio
1064 1003 1184 1072 ahsunt

265 1125 399 1213 propius
417 1147 517 1214 quarn
537 1139 573 1188 tu
593 1121 735 1190 biduum
755 1137 812 1188 aut
830 1121 987 1188 triduum.
1020 1119 1184 1186 Brundisii

263 1253 372 1304 eutem
396 1261 493 1303 omne
518 1253 679 1304 certamen
700 1237 837 1304 vertitur
862 1235 960 1302 huius
983 1236 1078 1324 primi
1101 1251 1184 1300 tem-

264 1350 359 1438 poris.
399 1349 474 1432 Qua
498 1349 630 1440 quidem
660 1351 893 1439 exspectatione
912 1365 1075 1439 torqueor.
1120 1346 1185 1414 sed

264 1465 372 1528 omnia
390 1477 463 1530 ente
480 1464 590 1529 Nonas
605 1465 750 1530 sciemus.
775 1463 899 1530 Eodem
917 1465 1005 1528 enirn
1023 1463 1075 1528 die
1089 1462 1183 1529 video

235 1655 278 1703 19.
297 1665 351 1706 oste
368 1669 411 1704 nos

433 1807 437 1816 ’
530 1839 827 1902 consumens.

194 1987 247 2048 13.
269 2001 378 2046 mutum
402 2019 440 2032 -
460 2007 478 2042 a
499 1989 614 2046 titteris.
653 1984 756 2046 liirsm
774 1982 812 2044 de
828 1981 887 2044 hac
903 1984 1127 2044 constructione
1145 1983 1184 2044 ad

282 2092 311 2164 1,
335 2093 367 2168 l,
388 2091 408 2150 2
428 2100 524 2168 inopes
545 2090 581 2148 ab
602 2097 712 2149 amicir.

198 2201 247 2260 15.
271 2210 301 2256 tu
320 2200 365 2256 liis
385 2203 463 2258 toris.
502 2196 622 2266 cicero,
649 2216 747 2278 quum
777 2193 851 2256 hoec
878 2191 1031 2264 scriberet,
1059 2205 1123 2256 eret
1150 2195 1185 2254 in

211 2338 218 2351 ·
282 2302 449 2364 Formiano.
945 2300 951 2313 '
980 2305 986 2318 '

197 2407 246 2469 16.
271 2411 417 2466 Brundisii·
437 2423 532 2468 sutem
553 2417 608 2468 eet.
629 2427 659 2466 o:
682 2425 773 2466 omne
794 2415 945 2470 certarnen
963 2425 1048 2468 nuno
1061 2404 1186 2488 quidem

280 2511 416 2574 consistit
431 2511 602 2581 Brundisii,
623 2533 687 2594 quo
706 2511 898 2594 Pompeiuss
917 2509 1062 2582 Canusio,
1081 2511 1187 2574 Caesar

281 2641 298 2678 e
327 2615 460 2680 Corfinio
487 2617 636 2699 profectus
660 2627 712 2678 est.
751 2616 906 2680 Brundisii
932 2618 1027 2699 igitur
1050 2629 1104 2680 sut
1124 2639 1186 2702 pax

281 2723 453 2792 conveniet,
483 2732 537 2782 sut
563 2722 724 2784 exitiosum
753 2720 868 2784 betium
899 2724 1020 2785 orietur.
1066 2723 1111 2784 Cf.
1137 2745 1185 2807 ep.

283 2830 337 2900 13,
361 2830 375 2889 1
400 2827 431 2888 h.
453 2827 475 2890 l.

198 2937 246 2998 18.
272 2941 337 3012 Quo
363 2959 391 3013 q.
416 2944 629 3012 exspectatione
655 2955 688 2994 o:
724 2935 810 2996 cuius
841 2935 1013 2998 certaminis
1037 2945 1186 3020 exspecte-

282 3041 375 3102 tione.
405 3040 446 3102 tte
467 3039 527 3102 hoc
545 3061 603 3100 usu
619 3041 808 3126 pronominis
824 3040 884 3102 rid.
900 3039 1080 3124 Seyffertsd
1093 3041 1185 3102 Cicer.

283 3147 361 3210 Lael.
382 3169 413 3231 p.
427 3137 484 3208 '17.
528 3145 622 3207 luds.
641 3145 680 3208 ed
698 3147 764 3208 nin.
780 3145 826 3220 11,
845 3145 903 3219 20,
922 3145 973 3210 66.
993 3147 1031 3224 V,
1045 3147 1093 3226 16,
1108 3146 1158 3208 42.

200 3254 249 3316 19.
269 3269 336 3314 aste
357 3259 464 3314 Nonas.
506 3249 589 3314 Libri
611 3253 713 3334 scripti
739 3263 770 3314 et
792 3252 865 3316 editi
887 3273 989 3316 omnes
1015 3253 1092 3316 dant
1118 3269 1186 3313 aste

282 3381 348 3430 uos,
369 3359 453 3442 quod
474 3358 578 3420 multis
599 3357 636 3426 de
657 3359 753 3420 crutis
771 3357 891 3443 probari
906 3381 970 3422 uon
983 3369 1089 3443 potest.
1109 3359 1185 3422 Nem

281 3485 360 3548 quse
378 3475 547 3550 sequamur
560 3463 685 3526 minime
699 3465 848 3526 rationem
861 3467 1034 3536 continent,
1056 3486 1111 3528 cur
1124 3467 1186 3550 ipse

281 3582 351 3632 aute
371 3571 506 3634 Atticum
526 3570 586 3632 hoc
605 3571 707 3640 sciret,
729 3607 769 3616 -
798 3591 897 3654 neque
918 3593 992 3656 opus
1012 3583 1077 3634 erat
1096 3573 1185 3634 retio-

281 3698 352 3738 nem
374 3677 458 3738 reddi
479 3679 542 3740 eius
562 3679 723 3760 rei,quem
743 3677 859 3740 Atticus
873 3699 937 3742 nou
952 3677 1112 3760 ignorabat
1119 3715 1183 3756 ,.-

283 3783 330 3845 sed
358 3803 412 3842 cur
437 3793 466 3844 et
491 3785 554 3866 ipse
580 3795 610 3845 et
636 3785 691 3867 qui
718 3785 752 3845 in
779 3783 852 3846 urbe
880 3797 966 3846 nent
991 3783 1087 3854 Brevi,
1108 3785 1184 3869 quid

283 3885 436 3949 Brundisii
457 3899 607 3970 ageretur,
636 3899 856 3970 cognoscerent.
892 3887 967 3952 Tum
986 3891 1010 3952 si
1034 3889 1113 3952 illud
1137 3913 1184 3952 vo-

284 3991 401 4062 luisset,
423 3993 595 4074 scripsisset,
617 3993 742 4076 opinor:
765 3997 934 4052 Sodomitis
952 4005 1135 4075 priusquam
1153 4016 1184 4057 ru

283 4119 336 4175 ego
352 4108 449 4158 setam,
488 4100 587 4174 Quum
605 4111 706 4162 sutem
725 4099 862 4182 quotidie
882 4105 1008 4166 nuntios
1026 4103 1185 4166 Brundisio
