2862 4894
679 314 719 379 45

205 501 269 592 qui
297 524 357 566 non
390 497 470 568 mihi
501 499 596 566 ritam
628 523 739 583 suam,
770 499 929 580 fortunas,
961 499 1093 579 lilreros,
1126 523 1191 567 rem

202 617 366 708 publicam
390 615 524 680 referret
547 629 720 703 aooeptam.
769 615 846 680 113.
871 615 952 702 Ergo
975 614 1190 702 ¹,'frequan-

204 731 328 796 tissimo
352 743 478 807 senatu,
504 729 541 814 Q.
567 727 713 805 Catulus,
737 729 883 817 princeps
904 726 996 793 huius
1020 728 1136 794 ordinis
1159 743 1190 796 et

202 857 318 912 auctor
341 842 463 934 publici
486 841 630 920 consilii,
653 865 704 908 me
722 854 898 932 parentem
915 847 1059 932 patriae
1082 844 1189 908 norni-

204 961 304 1026 narit.
352 955 432 1022 ttitri
456 957 501 1022 tir
525 955 733 1035 clarissimus,
757 957 795 1024 L.
820 955 956 1035 Gellius,
981 957 1128 1024 audiente
1144 980 1192 1024 ae·

203 1091 305 1150 natu,
338 1073 470 1138 eiricam
503 1093 647 1136 coronam
686 1070 793 1136 deberi
826 1094 842 1134 a
873 1093 907 1136 re
938 1071 1066 1161 publiea
1090 1070 1188 1140 dixit.

203 1185 281 1254 ttiht
315 1197 421 1274 togato
449 1197 588 1262 serratus,
620 1205 702 1263 nou,
738 1196 771 1250 ut
803 1182 929 1260 multis,
961 1183 1040 1248 bene
1064 1197 1189 1272 gestae,

204 1301 272 1380 aed,
300 1312 337 1364 ut
361 1299 496 1376 nemini,
520 1309 720 1364 conservatae
741 1298 785 1363 rei
810 1296 954 1386 publicae
977 1297 1126 1386 singulari
1142 1320 1193 1386 qe·

206 1437 283 1480 aere
316 1411 555 1501 supplicationis
582 1409 712 1476 deorum
741 1410 967 1478 immortalium
996 1411 1113 1500 templa
1137 1434 1193 1500 pa·

205 1528 330 1596 teleelt.

251 1756 357 1826 XXX.
396 1756 471 1822 lll.
509 1757 705 1846 Quamquam
728 1750 742 1788 ²
765 1755 843 1822 haeo
879 1756 984 1822 omnia
1015 1757 1058 1822 ita
1082 1768 1193 1822 sunta

211 1897 257 1936 rne
280 1872 518 1948 administrata,
545 1884 579 1936 ut
604 1871 734 1936 deorum
759 1869 984 1936 immortalium
1002 1883 1081 1936 nutu
1097 1883 1192 1960 atque

219 1988 342 2052 oonsilio
358 1999 389 2050 et
406 1999 488 2074 gesta
508 2001 539 2052 et
556 1985 677 2075 provisa
698 2007 761 2050 esse
778 1983 953 2051 rideantur.
978 1983 1079 2074 ldque
1096 2006 1194 2072 quum

212 2103 391 2166 conlectura
420 2101 567 2188 consequi
590 2121 769 2188 possumus,
802 2096 885 2187 quod
911 2098 962 2163 rix
985 2097 1110 2164 videtur
1134 2096 1195 2164 hu·

208 2216 292 2280 maai
306 2214 432 2280 consilii
451 2227 604 2278 tantarum
625 2237 730 2280 rerum
749 2212 934 2302 gubernatio
950 2235 1015 2280 esse
1035 2213 1193 2302 potuisse3

209 2345 278 2394 tum
312 2351 384 2392 reru
408 2328 451 2392 ita
476 2341 652 2416 praesentes
682 2350 773 2424 opem
797 2340 828 2392 et
852 2326 1005 2394 auxilium
1029 2328 1119 2394 nobis
1144 2342 1194 2394 tu·

207 2443 338 2523 larunt,
365 2453 400 2508 ut
422 2463 474 2508 eoa
496 2463 596 2531 paene
623 2441 721 2508 oculis
747 2441 850 2508 ridere
872 2463 1043 2531 possemus.
1065 2443 1194 2531 ,Nam,

208 2573 245 2623 ut
271 2556 325 2622 illa
348 2557 512 2634 omittam,
537 2557 613 2620 risaa
637 2569 792 2622 nocturno
814 2569 954 2646 tempore
975 2555 1016 2622 ab
1033 2555 1196 2622 occidente

209 2677 297 2738 laces
325 2668 531 2758 ardoremque
556 2670 656 2748 coeli,
681 2683 715 2734 ut
739 2668 906 2734 fulminum
930 2671 1052 2746 iactus,
1078 2683 1112 2735 ut
1133 2683 1197 2736 ter·

210 2807 266 2852 rae
293 2797 418 2863 motus,
451 2795 639 2873 ceteraque,
669 2806 749 2873 quae
775 2796 839 2850 tam
862 2783 980 2862 multa,
1011 2784 1100 2850 nobis
1123 2806 1198 2850 con·

211 2897 352 2975 solibus,
382 2899 464 2964 laeta
488 2913 576 2978 aunt,
601 2913 654 2979 ut,
681 2921 760 2988 quae
783 2899 915 2978 fierent,
943 2921 1054 2966 canere
1076 2898 1121 2966 dii
1138 2899 1197 2964 im-

210 3013 361 3080 mortales
392 3013 595 3082 riderentur:
626 3013 688 3082 hoe
712 3027 815 3092 certe,
840 3014 925 3105 quorl
945 3038 1014 3083 sum
1037 3015 1197 3094 dicturus,

213 3149 321 3220 neque
362 3126 693 3218 praetermittendum,
726 3151 830 3219 neque
867 3130 1108 3220 relinquendum
1139 3143 1197 3197 est.

215 3249 295 3310 tta.
330 3243 409 3310 Nam
443 3244 587 3333 prolecto
613 3244 762 3310 memoria
788 3258 928 3312 tenemus
950 3267 1079 3324 omnes,
1106 3241 1199 3310 Cotta

212 3371 248 3423 et
276 3355 437 3443 Torquato
470 3355 664 3432 consulibus,
687 3357 863 3446 complures
889 3360 924 3424 in
951 3357 1118 3449 Capitolio
1134 3369 1200 3422 tur·

216 3493 268 3536 res
292 3469 331 3534 tle
355 3469 443 3534 coelo
467 3492 530 3534 esse
557 3492 736 3558 percussas,
760 3493 857 3558 quum
879 3484 911 3537 et
936 3471 1100 3538 simulacra
1124 3469 1200 3536 deo·

217 3608 291 3652 rum
324 3585 547 3652 immortalium
577 3583 705 3672 depulsa
733 3599 826 3662 sunt,
857 3599 889 3651 et
916 3599 1035 3653 statuae
1057 3598 1198 3652 aeterum

218 3698 388 3764 hominurn
417 3697 580 3778 deiectae,
604 3710 635 3764 at
662 3698 767 3786 legum
793 3721 863 3766 aera
887 3699 1075 3789 liqoelaota;
1102 3713 1201 3764 tactus

218 3827 269 3879 est
296 3811 389 3878 etiarn
419 3811 489 3893 ille,
513 3813 569 3903 qui
594 3812 675 3880 lrarro
696 3814 806 3881 urbem
840 3813 1003 3898 condidit,
1031 3815 1200 3881 Romulus:

253 4081 280 4142 ι)
301 4078 325 4126 ί.
344 4079 416 4130 arar.
432 4098 451 4131 a.
472 4079 496 4133 a.
514 4081 528 4147 r
545 4079 569 4132 e.
588 4109 621 4122 -
639 4081 662 4144 ι)
682 4081 706 4130 ar
723 4079 812 4130 crura.
830 4080 873 4130 rrr.
892 4095 912 4130 ο.
931 4076 955 4127 e.
973 4078 987 4143 r
1004 4074 1044 4126 ra.
