2772 4902
580 343 623 404 99

168 527 201 591 ln
223 527 310 592 rebus
336 528 569 593 obscurioribus
593 529 705 617 aliquis
721 541 766 594 est
789 533 977 618 conjecturis
995 533 1093 603 locus.

128 642 227 731 ltaqne
256 642 294 708 de
324 643 387 708 rita
412 641 504 708 Corn.
536 642 705 708 Alexandri
729 643 904 734 disputanti
929 645 990 712 hoc
1015 647 1095 713 milri

128 777 246 836 maram,
274 768 306 822 ut
330 757 433 822 locum
460 753 683 822 Plutarcheurn
708 757 747 822 de
770 771 975 848 praeceptore
997 773 1029 826 ct
1053 763 1097 827 fa·

128 869 228 934 miliari
262 881 294 935 ct
324 871 474 964 itinerum
514 871 631 938 comite
664 871 704 936 lt.
739 868 840 936 Crassi
871 875 1026 963 accipiam
1057 875 1097 943 de

129 983 290 1050 Alexandro
303 985 443 1073 ldyndio.
462 984 672 1053 Plutarchus:
697 988 842 1070 Λέγεται
858 989 893 1057 dl
908 989 1095 1078 (Κράσσος),
1176 987 1179 998 '

128 1100 231 1187 inquit,
263 1105 319 1168 ναὶ
346 1102 546 1186 πολυμαθὴς
575 1104 656 1168 καθ’
686 1105 833 1189 ἱστορίαν
857 1105 1014 1187 γενέσθαι
1039 1111 1095 1172 καί

127 1241 150 1279 τι
169 1222 219 1281 sul
246 1215 464 1300 φιλοσοφῆσαι
491 1223 559 1291 τοῖς
584 1216 838 1301 Ἀριστοτέλους
863 1217 973 1300 λόγοις
998 1243 1096 1306 προσ·

125 1331 259 1412 θέμενος·
283 1323 332 1396 ὧν
362 1330 562 1397 διδάσκαλον
594 1325 679 1418 εἶχεν
704 1331 1008 1419 Ἀλέξανδρον,
1035 1339 1096 1402 ἄν·
1203 1402 1207 1410 Α

127 1453 242 1526 θροπον
276 1445 428 1520 εὐκολίας
460 1449 516 1509 καὶ
546 1449 729 1531 πραότητος
756 1448 929 1526 ἀπόδειξιν
959 1448 1094 1515 διδόντα

127 1565 171 1640 τὴν
197 1567 278 1645 πρός
306 1567 460 1644 Κράσσον
488 1569 682 1644 συνήθειαν.
732 1562 778 1626 Ori
809 1566 869 1646 γὰρ
902 1559 941 1645 ἦν
970 1565 1096 1646 duopri-

128 1686 230 1742 ιτοόαι
255 1677 379 1761 ῥᾳδίως
398 1673 435 1756 (l.
461 1669 607 1764 ῥᾴδιον),
631 1681 768 1756 πότερον
798 1675 984 1759 προσῆλθεν
1004 1677 1093 1761 αὐτῷ

129 1793 296 1877 τινόστερος
323 1797 345 1874 ἦ
371 1789 566 1875 προσελθὼν
591 1789 733 1868 ἐγένετο.
777 1795 893 1864 Μόνος
916 1785 1013 1856 d’odr
1041 1793 1092 1855 dri

133 1905 312 1988 τῶνφίλων
357 1905 444 1989 αὐτῷ
482 1902 726 1987 συναποδημῶν
761 1903 959 1987 στέγαστρον
1000 1901 1094 1987 ἐλόμ·

134 2017 204 2097 όταν
221 2025 268 2094 εἰς
290 2023 352 2100 τὴν
371 2018 459 2090 όόόν,
479 2021 534 2081 καὶ
556 2016 645 2082 τοῦτ’
668 2015 866 2083 ἐπανελθὼν
891 2016 1048 2102 ἀπῃτεῖτο
1073 2014 1094 2081 ¹.

132 2123 212 2209 llrus,
260 2141 416 2218 quantuni
454 2128 605 2207 memini,
632 2127 792 2215 Xplandcr
824 2129 862 2191 de
900 2125 1096 2214 Polphistore

128 2241 186 2307 laec
205 2245 294 2310 dicta
331 2243 454 2332 putarit
468 2273 478 2326 ρ
515 2263 573 2306 nec
603 2242 691 2307 dedit
715 2254 818 2308 tamen
843 2243 1016 2308 sententiae
1040 2243 1094 2308 ille

126 2377 179 2424 snae
214 2361 370 2436 rationes,
407 2359 465 2423 nisi
496 2355 581 2447 quod
616 2370 763 2446 tempora
795 2379 965 2445 congruere
993 2359 1021 2422 ei
1047 2359 1093 2422 ri-

124 2469 267 2544 derentur.
317 2474 380 2542 Sed
414 2475 447 2538 in
479 2470 668 2539 Plutarcbeo
700 2473 879 2537 testimonio
909 2472 968 2536 alia
993 2475 1090 2536 etiam

123 2587 210 2656 insunt
231 2613 315 2680 quae
331 2589 440 2656 eodem
459 2589 591 2654 ducunt.
617 2587 824 2674 Πολομαόὴς
842 2591 922 2656 καθ’
941 2593 1089 2674 ἱστορίαν

123 2701 170 2767 luit
198 2703 323 2770 Crassus
354 2717 448 2792 atque
483 2703 681 2768 Aristoteliac
711 2701 927 2790 philosophiae
963 2723 1091 2789 operam

123 2821 245 2899 navarit,
275 2821 386 2886 doctus
410 2822 449 2884 ab
475 2818 672 2893 Alexandr03
707 2817 884 2882 Alexander
915 2817 1093 2905 Polyhistor

124 2929 193 2998 illurn
217 2937 263 2999 sic
288 2934 407 3014 calluit,
435 2945 469 2998 ut
494 2931 693 2998 Historiam
717 2951 789 2995 curn
814 2945 959 2996 vocarent
982 2955 1093 3022 aequa·

123 3043 174 3122 les,
197 3049 227 3114 in
252 3049 484 3138 philosophiam
511 3060 597 3112 tanto
621 3047 768 3110 incubuit
792 3043 912 3120 studio,
947 3060 980 3110 ut
1004 3055 1092 3116 Δια-

123 3159 208 3249 deputo
232 3176 298 3234 τῶν
320 3167 505 3250 φιλοσόφων
530 3163 764 3237 conscriberet,
790 3159 905 3247 quibus
925 3161 1039 3248 placita
1062 3175 1094 3227 et

122 3272 284 3344 doctrinam
308 3279 497 3368 singularum
518 3276 696 3342 scholarum
714 3275 883 3342 illustraret
909 3276 930 3344 ².
957 3277 1092 3365 Pauper·

123 3391 206 3456 rimus
229 3395 289 3458 luit
313 3395 414 3462 Crassi
438 3405 644 3483 praeceptor;
672 3391 822 3456 libertum
846 3391 974 3456 Lentuli
1000 3415 1092 3456 nemo

124 3507 276 3596 quisquam
300 3509 430 3575 divitem
451 3507 577 3574 dixerit.
614 3505 713 3573 Suum
736 3505 864 3572 Crassus
883 3503 1092 3568 Alexandrum

123 3641 231 3709 semper
255 3625 314 3688 sibi
339 3625 481 3709 adjunxit
510 3625 659 3688 itinerum
684 3621 854 3698 comitem
880 3620 974 3683 etiam
1000 3619 1094 3684 Alex·

125 3735 207 3800 ander
229 3737 372 3826 Myndius
389 3739 500 3805 itinera
522 3739 692 3826 longinqua
713 3736 860 3824 suscepit.
886 3733 1013 3800 ,Meruit
1034 3735 1093 3798 sub

124 3843 199 3913 Sulla
222 3853 253 3916 in
283 3853 387 3920 Africa
412 3852 556 3934 Crassus,
596 3867 765 3941 posteaque
790 3849 904 3916 Consul
929 3861 1012 3913 sorte
1036 3871 1094 3913 na-

128 4017 264 4034 '‘h—-

158 4107 178 4168 ¹)
196 4110 308 4162 οιιιιοι.
330 4115 376 4167 re.
391 4117 473 4168 οιιιι.
493 4120 525 4166 ιιι
543 4136 561 4166 ι.
581 4119 597 4166 r.
617 4143 648 4156 -
668 4116 690 4175 τι
711 4115 762 4162 σοι
774 4113 834 4160 rna·
850 4112 863 4175 ij
881 4110 927 4160 aa.

919 4209 934 4266 7
948 4210 960 4237 0
