2942 4902
762 387 803 451 36

288 576 376 659 cule,
401 593 431 643 et
455 576 617 641 frumento
640 573 814 640 Catilinam
832 597 897 640 esse
917 589 1057 664 putasses
1078 575 1266 643 iuvandum.

288 689 377 776 Quid
402 693 490 756 enim
513 687 658 754 interfuit
683 690 768 754 inter
791 685 965 754 Catilinam
991 703 1022 754 et
1045 711 1138 772 eum,
1157 692 1211 755 cni
1231 707 1268 755 tu

288 821 414 870 senatus
434 803 662 882 auctoritatam,
684 799 819 868 salutem
832 802 976 881 civitatis,
1000 817 1100 866 totam
1120 825 1188 868 rem
1205 825 1269 893 pu-

287 915 424 998 blicam,
448 917 630 1007 provinciae
658 917 799 1004 praemio
833 913 1025 981 vendidisti?
1051 915 1106 980 et.
1126 917 1181 981 Tu
1204 919 1214 958 ¹
1237 939 1270 981 es

286 1028 351 1112 ille,
362 1031 416 1094 cui
432 1028 602 1096 crudelitas
619 1027 786 1118 displicet?
800 1023 876 1120 qui,
885 1051 991 1118 quum
1003 1043 1132 1094 senatus
1144 1028 1270 1096 luctum

287 1167 324 1209 ac
344 1143 488 1210 dolorem
511 1167 608 1210 suum
626 1145 719 1208 vestis
742 1141 921 1208 mutatione
943 1139 1173 1208 declarandum
1194 1165 1270 1208 cen-

287 1259 419 1339 suisset,
435 1279 540 1347 quum
556 1251 681 1322 videres
700 1277 841 1322 maerere
860 1279 928 1322 rem
950 1253 1116 1345 publicam
1140 1253 1269 1345 amplis-

287 1371 358 1433 simi
386 1369 508 1434 ordinis
531 1367 644 1451 luctu,
669 1393 689 1434 o
717 1385 826 1435 noster
846 1365 1042 1464 misericors!
1066 1368 1148 1459 quid
1171 1366 1270 1434 facis?

288 1484 378 1573 quod
403 1483 494 1550 nulla
510 1485 545 1550 in
555 1482 705 1550 barbaria
721 1485 893 1576 quisquam
910 1501 1078 1576 tyrannus.
1107 1481 1269 1550 Edicere²

288 1621 383 1664 ausus
403 1621 435 1663 es
454 1621 530 1664 cum
549 1595 605 1663 illo
627 1614 684 1664 tuo
706 1599 787 1688 pari,
802 1621 902 1690 quem
921 1614 1029 1664 tamen
1049 1597 1202 1664 omnibus
1219 1600 1270 1664 vi-

287 1711 337 1775 tiis
354 1733 503 1800 superare
521 1709 691 1800 cupiebas,
710 1727 753 1776 vn
775 1729 925 1794 suntme,
940 1727 1067 1792 contra,
1083 1735 1183 1802 quam
1204 1713 1270 1800 ipse

287 1813 471 1906 censuisset,
490 1843 530 1888 an
546 1841 704 1889 vnsrtrvtt
721 1843 870 1890 numm.
903 1825 983 1909 Quis
996 1824 1059 1891 boe
1069 1823 1144 1890 fecit
1155 1823 1222 1891 ulla
1235 1827 1269 1890 in

286 1927 417 2028 Scythia
435 1953 603 2028 tyrannus,
623 1953 660 2002 ut
682 1959 750 2020 eos,
766 1961 848 2028 qnos
872 1936 965 2004 luctu
986 1936 1144 2020 afficeret,
1160 1936 1270 2030 lugere

286 2071 354 2114 non
369 2047 509 2115 sineret?

331 2275 458 2343 XXVI.
483 2277 536 2340 85.
557 2277 644 2343 Haec
658 2279 674 2320 ³
687 2299 745 2372 ego
765 2301 871 2370 quum
889 2279 1031 2345 viderem
1049 2279 1269 2372 (nequeenim

264 2431 267 2442 ·
287 2407 378 2456 erant
386 2389 530 2479 occulta)
548 2409 707 2473 senatum,
723 2394 791 2458 sine
806 2415 873 2484 quo
888 2393 998 2459 civitas
1012 2409 1094 2460 stare
1108 2417 1175 2459 non
1194 2417 1268 2484 pos-

287 2519 354 2586 set,
379 2507 570 2572 omninode
593 2508 717 2573 civitate
738 2529 804 2573 esse
823 2505 1004 2587 sublatum3
1029 2505 1189 2591 consules,
1211 2510 1269 2598 qui

287 2617 409 2708 publici
434 2618 555 2686 consilii
570 2621 666 2688 duces
686 2643 751 2688 esse
767 2621 938 2704 deberent,
957 2621 1141 2712 perfecisse,
1156 2637 1194 2688 ut
1211 2644 1269 2712 per

286 2733 369 2821 ipsos
387 2731 558 2824 publicum
572 2733 743 2800 consilium
761 2733 1105 2815 funditustolleretum
1129 2757 1192 2818 eos,
1210 2737 1268 2827 qui

284 2843 466 2935 plurimum
482 2863 621 2938 possent,
635 2851 756 2939 opponi
775 2848 928 2915 omnibus
943 2847 1164 2931 concionibus,
1179 2847 1268 2930 salso,

283 2959 341 3024 sed
355 2959 558 3028 formidolose
571 2977 696 3044 tamen,
722 2979 865 3029 auctores
886 2963 927 3028 ad
949 2965 1123 3054 perniciem
1144 2985 1267 3042 meam;

284 3075 453 3141 conciones
466 3074 579 3142 baberi
595 3076 737 3166 quotidie
756 3093 868 3142 contra
883 3097 1076 3158 me;,vocem
1091 3101 1151 3168 pro
1165 3101 1218 3144 me
1232 3101 1268 3143 ac

284 3211 345 3277 pro
371 3209 405 3254 re
425 3187 558 3278 publica
581 3192 745 3257 neminem
769 3193 912 3269 mittere3
932 3192 1054 3258 intenta
1066 3193 1156 3285 signa
1169 3190 1268 3284 legio·

284 3323 367 3366 num
387 3303 559 3369 existimari
581 3303 758 3370 cervicibus
783 3327 820 3369 ac
840 3302 935 3370 bonis
951 3307 1086 3387 civium,
1101 3303 1198 3388 salso,
1213 3307 1269 3370 sed

284 3416 391 3504 putari
411 3432 534 3494 tamen3
559 3418 799 3482 coniuratorum
820 3419 926 3506 copias
951 3433 1086 3500 veteres,
1112 3435 1144 3484 et
1164 3419 1268 3486 fusam

284 3525 373 3594 illam
388 3553 424 3594 ac
439 3547 620 3619 superatam
629 3527 785 3596 Catilinae
798 3553 934 3595 manum
942 3531 1171 3620 importunam,
1183 3555 1268 3596 novo

281 3639 376 3723 duce,
392 3659 423 3708 et
437 3645 594 3732 insperata
607 3645 856 3709 commutatione
870 3665 979 3709 rerum
991 3667 1056 3710 esse
1070 3663 1267 3712 renovatam:

283 3754 362 3819 baec
375 3777 450 3846 ergo
464 3781 568 3846 quum
583 3755 735 3838 riderem,
756 3757 837 3847 quid
850 3757 999 3851 agerem?
1015 3760 1069 3824 86.
1083 3759 1268 3826 Contende-

284 3891 352 3933 rcm
367 3885 477 3934 contra
498 3867 791 3964 tribunumplcbis
810 3873 954 3962 privatus
970 3871 1088 3939 armis?
1110 3871 1268 3940 Vicissent

284 4023 454 4032 —..-.--

320 4107 343 4176 ¹)
363 4107 427 4157 tute.
446 4121 471 4158 c.
492 4109 598 4175 ectr.
612 4135 645 4144 -
658 4105 759 4176 ¹)nn.
774 4109 788 4174 t
803 4109 892 4162 te-
907 4105 929 4176 ⁸)
941 4125 986 4175 pro
1004 4109 1086 4162 Sextio
1107 4097 1265 4192 umecta
