2940 4900
745 343 811 409 702

391 525 651 617 [sin'irnntutars
675 529 722 592 vis
744 526 912 618 ingenium
932 523 1105 616 mdribus]

390 661 499 730 noque
519 641 571 706 otis
592 641 741 729 antiquas
764 644 885 722 sdrvas,
908 655 955 706 ost
976 641 1083 728 saptda
1103 659 1216 722 novas,

392 770 449 818 aut
469 756 495 819 si
518 753 686 820 demutant
706 756 809 820 andros
832 755 999 845 ingenitim
1021 769 1117 820 tuum
1148 780 1153 788 ·
1206 753 1259 820 75.

388 865 539 934 omnibus
561 867 669 932 amicis
691 865 844 932 mdrbum
865 882 903 932 tu
924 868 1058 932 incutids
1080 887 1245 959 gravem

392 997 431 1046 ut
452 979 613 1047 uiuidum
633 979 811 1070 audireque
832 983 951 1071 aegroti
971 981 1063 1046 siout.

281 1193 385 1256 schelii
405 1193 513 1256 acoedo
531 1193 727 1269 sententiam
748 1191 787 1252 de
807 1213 848 1256 vs.
860 1213 929 1254 vero
941 1192 982 1254 75
996 1191 1057 1254 alia
1067 1190 1145 1256 mihi
1157 1189 1262 1254 oborta

281 1309 324 1362 est
344 1299 487 1382 suspicio,
510 1319 572 1382 qua
593 1309 695 1360 nmen
715 1309 978 1380 argumentorum,
997 1296 1109 1381 quibua
1129 1319 1200 1360 usus
1220 1309 1263 1359 ost

280 1405 469 1480 liitsohelius,
490 1407 533 1468 vis
553 1407 679 1470 minime
693 1407 880 1488 infringitur.
908 1406 1068 1482 Quoenirn
1079 1405 1262 1468 nuuomodo

281 1527 311 1578 ot
337 1515 404 1577 loco
430 1514 541 1597 legitur
559 1511 612 1574 hic
632 1534 745 1586 versus,
767 1512 856 1576 nullo
876 1531 947 1574 uum
968 1523 1056 1596 pacto
1077 1511 1146 1572 sarri
1163 1532 1262 1595 posse,

281 1632 366 1686 extra
394 1641 514 1682 omnam
541 1623 774 1682 controversiam
801 1619 889 1704 ponit
915 1619 973 1708 viri
993 1618 1099 1702 magni
1119 1616 1159 1678 ad
1180 1615 1264 1678 huno

280 1727 383 1790 locum
403 1726 577 1807 adnotati03
599 1727 648 1790 aed
668 1729 693 1788 si
707 1743 825 1788 mecum
834 1723 1033 1786 masculinam
1041 1727 1076 1786 in
1086 1723 1264 1786 femininam

281 1835 409 1896 sormam
428 1835 606 1896 converteris
622 1845 653 1896 et
667 1833 770 1896 locum
789 1833 904 1896 senario
926 1831 1118 1914 assignaveris
1136 1841 1206 1915 post
1222 1849 1263 1891 us.

281 1939 337 2015 72,
357 1961 460 2001 omma
477 1910 670 2000 difficultates
691 1939 839 2018 continuo
858 1939 893 1998 in
910 1957 941 2000 se
957 1936 1140 2006 mucidum,
1159 1945 1189 1996 et
1206 1955 1265 1996 sn-

281 2045 463 2110 nibilantur.
484 2047 561 2108 llaec
580 2057 679 2108 autem
699 2067 766 2108 mea
784 2042 1174 2127 oonjsotura'confirmatur
1190 2061 1264 2104 non·

282 2150 363 2214 nihil
383 2149 530 2212 uocabulo
547 2161 681 2230 antiquas
694 2151 730 2212 in
749 2171 790 2212 vs.
809 2149 859 2222 75,
875 2149 925 2212 oui
942 2151 977 2211 in
993 2169 1034 2212 ts.
1050 2147 1091 2210 72
1108 2146 1265 2231 respondet

282 2266 439 2335 autiquae,
465 2275 587 2341 quoque
614 2255 800 2319 necessitudo
827 2256 977 2340 quaedam
1001 2257 1080 2318 inter
1104 2265 1265 2337 utrumque

282 2383 399 2426 versum
421 2373 547 2424 creatur.
583 2362 620 2423 Et
636 2373 736 2424 noster
754 2361 878 2445 quidem·
901 2383 943 2424 vs.
966 2361 1007 2424 75
1026 2383 1095 2422 oum
1113 2359 1188 2422 sorte
1207 2359 1266 2420 sor·

283 2479 359 2530 tuna
386 2478 455 2551 post
473 2489 514 2532 vs.
534 2467 695 2530 7410cum
715 2468 890 2542 invenisset,
914 2491 932 2530 a
951 2467 1078 2532 librario
1104 2468 1209 2550 aliquo
1229 2465 1266 2528 de

284 2575 433 2638 sententia
445 2575 578 2638 sollicito
595 2575 794 2638 masculinam
804 2576 931 2640 sormam
945 2575 1078 2658 aceepit,
1091 2593 1170 2658 quae
1184 2573 1267 2636 dein·

284 2701 352 2764 σερε
366 2702 419 2765 per
440 2701 543 2761 ornnes
560 2679 655 2742 libros
672 2693 838 2766 propagata
857 2693 911 2746 ost.
939 2681 1098 2764 sicigitur
1115 2679 1183 2742 loco
1197 2701 1268 2741 con·

284 2789 389 2850 stituto
407 2785 553 2858 habemus
569 2789 693 2871 quidem
712 2789 945 2852 redundantiam
960 2787 1158 2872 quandamin
1172 2784 1268 2848 verbis

284 2895 403 2977 potue,
417 2895 470 2956 sed
484 2912 551 2956 aatn
569 2915 634 2964 vore
646 2895 830 2960 Plautinum.
857 2894 968 2972 Quodsi
986 2894 1137 2978 quioniam
1148 2905 1204 2966 ost,
1217 2893 1268 2954 otri

285 3017 325 3062 ne
343 2997 390 3060 his
404 3000 529 3083 quidem
547 2999 689 3064 omnibus
705 3023 878 3085 persuasum
892 3003 947 3074 sit,
966 3019 1083 3062 versum
1102 2997 1188 3061 huno
1202 3018 1269 3084 pro·

284 3104 359 3166 bum
385 3127 459 3184 osse,
489 3108 532 3168 ita
553 3119 654 3170 tamen
674 3119 785 3170 statuat
803 3128 919 3170 noooese
935 3118 995 3180 est,
1023 3127 1092 3168 eum
1107 3127 1167 3168 esse
1186 3107 1270 3190 glos·

284 3232 364 3272 sema
385 3213 425 3273 ad
445 3233 487 3276 vs.
506 3213 556 3276 73.

325 3317 376 3380 Vs.
397 3317 447 3380 77.
469 3319 522 3382 llic
542 3341 583 3382 vs.
603 3321 771 3405 plurimum
782 3321 868 3384 unihi
882 3321 1039 3403 negotium
1049 3318 1174 3380 sanarit
1196 3317 1270 3380 vul-

286 3445 388 3508 garem
404 3425 574 3489 lectionem
600 3439 772 3490 constanter
801 3448 904 3490 omnes
924 3437 1062 3503 tuentur3
1084 3426 1118 3486 in
1138 3425 1271 3486 numeris

285 3553 325 3594 ne
349 3533 515 3596 minimum
538 3534 662 3618 quidem
688 3548 747 3607 est,
775 3535 859 3618 quod
885 3533 1097 3618 reprehendas:
1118 3542 1148 3592 et
1168 3541 1271 3593 umen

266 3659 406 3700 sensam
425 3641 460 3701 in
482 3663 517 3702 eo
542 3641 627 3702 video
647 3641 786 3714 nullum,
808 3661 908 3725 noque
928 3641 1102 3702 structionis
1120 3637 1270 3723 perspicio

286 3745 444 3806 rationem.
478 3745 588 3808 Tacent
610 3747 786 3830 interpretes
811 3747 871 3810 fers
898 3741 1011 3810 omnus.
1044 3743 1271 3808 Lindemannus

287 3851 390 3912 locum
412 3853 540 3932 exponit
559 3849 607 3914 his
627 3851 740 3913 verbis:
762 3862 818 3912 »ut
831 3874 900 3913 oum
916 3853 1085 3924 tetidem,
1100 3850 1269 3920 audiuntve,

287 3965 398 4038 aegroti
409 3961 508 4036 fiant,
529 3980 646 4020 summo
666 3957 840 4021 afficiantur
860 3959 1002 4040 dolore;”
1017 3959 1098 4043 quod
1119 3954 1271 4042 quomodo

288 4085 327 4128 ex
337 4065 591 4150 reoeptalootione
599 4065 738 4128 extricari
747 4065 841 4150 possit
846 4111 856 4145 ‚
867 4067 930 4150 ipse
940 4067 1058 4130 viderit.
1079 4066 1142 4148 ligo
1154 4063 1271 4127 haemo.
