2942 4902
653 385 694 452 33

180 554 311 620 moriam
334 552 520 622 consulatus
540 557 623 636 mei,
648 579 752 644 quum
782 553 863 622 sseus
890 558 1058 624 universus
1079 557 1159 622 ordo

178 667 399 734 cincinnatum
417 665 582 736 consulem
604 668 726 735 orabat.
766 669 851 736 Nam
876 667 955 737 alter
979 667 1033 736 ille
1053 668 1158 736 horri-

176 778 235 844 dus
248 795 291 846 et·
301 803 430 848 severus
444 779 591 850 consulto
613 805 646 848 se
667 783 754 848 domi
776 781 970 850 continebat.
1000 784 1072 868 Qua
1086 799 1158 850 tum

175 891 325 981 superbia
346 917 485 962 coenum
515 893 598 962 illud
626 919 663 962 ac
685 894 789 979 labes,
821 895 1006 986 amplissimi
1035 897 1158 966 ordinis

174 1029 279 1094 preces
309 1023 342 1074 et
364 1005 612 1076 clarissimorum
639 1011 760 1078 civium
788 1007 933 1077 lacrimas
960 1007 1155 1100 repudiavit!

174 1121 354 1210 meipsum
372 1138 410 1186 ut
429 1124 620 1212 contempsit
633 1120 732 1190 heluo
747 1121 881 1214 patriae!
904 1148 981 1190 nam
1001 1123 1084 1213 quid
1104 1123 1156 1189 di·

174 1255 241 1300 cem
265 1226 472 1324 patrimonii,
498 1237 588 1327 quod
610 1234 683 1318 ille,
707 1261 813 1328 quum
834 1253 1005 1327 quaestum
1028 1235 1154 1318 lacerat,

173 1347 296 1415 amisit?
327 1351 417 1416 Tum
430 1353 482 1416 vir
494 1350 675 1420 incredibili
692 1350 775 1434 lide,
798 1351 1021 1446 magnitudine
1042 1352 1153 1432 animi,

173 1465 363 1546 constantia,
389 1464 427 1530 L.
458 1466 620 1548 Ninnius,
645 1465 686 1532 ad
711 1481 859 1532 senatum
895 1465 935 1531 da
966 1461 1154 1554 republica

172 1575 287 1660 rotulit,
301 1595 494 1671 senatusque
507 1580 658 1670 frequens
672 1597 792 1646 restem
803 1603 863 1670 pro
877 1602 949 1645 mea
960 1576 1061 1646 salute
1076 1602 1152 1645 mu-

172 1691 449 1760 tandamccnsuit.
495 1695 549 1758 77.
568 1693 601 1758 Ο
628 1693 714 1758 diem
738 1694 750 1733 ¹
780 1691 890 1772 illum,
906 1691 1074 1757 funestum
1102 1715 1152 1758 so·

170 1807 259 1872 natui
289 1805 451 1898 bonisque
483 1803 656 1872 omnibus!
693 1808 739 1872 rei
769 1803 920 1895 publicae
945 1803 1151 1870 luctuosum!

170 1917 247 1984 mihi
271 1917 314 1985 ad
333 1919 546 1988 domesticum
564 1941 760 1999 maerorem,
783 1914 932 2010 gravem!
962 1915 1005 1983 ad
1017 1918 1151 2006 posteri-

169 2034 237 2098 tatis
264 2033 472 2116 memoriam,
501 2029 693 2126 gloriosum!
740 2031 829 2115 Quid
850 2032 939 2097 enim
974 2031 1149 2120 quisquam

167 2162 268 2237 potest
294 2169 334 2214 ex
357 2149 446 2214 omni
468 2150 621 2214 memoria
635 2169 761 2214 sumere
781 2144 956 2226 illustrius,
971 2169 1071 2235 quam
1090 2169 1149 2235 pro

167 2283 233 2326 nno
258 2261 328 2328 cire
353 2277 385 2328 et
408 2260 511 2328 bonos
541 2283 651 2328 omnes
672 2262 796 2350 private
818 2281 993 2340 consensu,
1019 2274 1051 2324 et
1072 2259 1149 2324 uni·-

165 2393 294 2440 vereum
325 2389 474 2442 senatum
503 2373 636 2465 publico
667 2371 801 2440 consilio
829 2391 968 2442 mutasse
1002 2371 1149 2441 vestem?

165 2509 248 2576 quae
269 2487 404 2578 quidem
434 2503 507 2554 tum
531 2490 667 2556 mutatio
693 2511 762 2555 non
792 2488 1022 2578 deprecationis
1052 2511 1148 2554 causa

164 2597 245 2666 iacta
261 2616 323 2682 cst,
337 2600 395 2667 sed
414 2599 530 2668 luctus.
556 2603 760 2686 Qucmenim
772 2601 1029 2691 deprecarentur,
1041 2625 1147 2691 qrrum

164 2735 274 2780 omnes
293 2731 397 2782 essem
414 2713 584 2796 sordidati,
600 2738 769 2806 quumque
782 2713 845 2780 hoc
868 2717 942 2806 satis
956 2729 1035 2782 esset
1052 2715 1145 2808 signi,

163 2849 228 2894 esee
243 2827 447 2918 improbum,
467 2829 526 2918 qui
545 2843 668 2895 mutata
684 2843 770 2894 veste
789 2851 857 2894 nou
880 2826 985 2896 esseti

207 3053 335 3122 XXIV.
359 3055 412 3121 78.
436 3055 794 3122 Haemutationerestis
803 3053 1144 3138 dcunntoinlucru

162 3167 311 3249 civitatis,
332 3170 462 3251 omitto,
488 3169 570 3259 quid
589 3167 643 3236 ille
666 3167 835 3250 tribunus,
861 3173 1010 3238 omnium
1033 3193 1144 3238 rerum

161 3278 345 3346 divinam
358 3280 642 3372 humanarumque
661 3282 796 3372 praedo,
817 3281 940 3349 fecerit:
961 3285 1019 3372 qui
1036 3283 1143 3350 adesse

161 3391 373 3460 nobilissimos
394 3393 617 3478 adolescentes,
634 3379 869 3462 honestissimos
883 3396 1005 3486 equites
1022 3395 1142 3462 Roma-

162 3527 239 3588 nos,
259 3506 476 3596 deprecatores
497 3505 608 3574 salutis
624 3531 714 3574 meae
734 3473 868 3590 iitsserit,
888 3529 1006 3597 eosque
1028 3529 1141 3596 opera·

163 3644 235 3687 rum
254 3645 387 3688 suarum
406 3620 518 3714 gladiis
536 3639 568 3688 et
589 3620 752 3711 lapidibus
770 3621 932 3688 obiecerit:
958 3620 998 3686 de
1021 3641 1140 3686 consu-

164 3727 246 3800 libus
270 3732 398 3824 loquor,
429 3759 571 3826 quorum
599 3735 662 3804 lide
691 3759 741 3804 res
769 3733 902 3826 publica
929 3735 988 3800 niti
1016 3733 1139 3802 debuit.

165 3847 215 3912 te.
234 3845 445 3914 Exanimatus
465 3847 570 3918 evolat
593 3873 631 3918 ex
654 3865 767 3918 senatu
793 3847 972 3932 Gabinius,
990 3871 1057 3916 non
1078 3850 1140 3914 mi-

197 4117 218 4186 ¹)
237 4121 336 4172 Ibide.
361 4123 403 4170 tt.
421 4123 434 4188 t
454 4127 499 4174 et.

939 4220 957 4280 3
