2994 4900
304 563 346 632 ed
373 563 581 650 Ἀιπινόμυυς
607 561 813 632 reserendmn
834 586 917 647 esse,
939 579 976 630 ut
999 565 1053 631 vix
1073 560 1284 656 intelligetur,

305 700 365 743 cur
397 675 439 742 ad
472 674 670 757 ‘Odoueeodc,
707 673 864 742 interioris
905 675 1026 744 ordinis
1067 677 1284 768 magistratus,

304 789 566 860 Schneidewinns
590 788 807 870 descenderit,
835 789 936 880 idque
956 788 1088 858 leudeto
1108 786 1285 856 Aristotelis

303 901 391 986 looo,
413 909 511 994 (suem
533 925 631 993 supra
653 900 814 991 descripsi.
851 901 998 968 Forsitan
1020 899 1156 994 neglecti
1177 923 1286 968 versus

304 1021 455 1108 postremi
485 1019 555 1085 viro
584 1015 660 1083 clar.
691 1015 797 1084 fmudi
825 1015 974 1098 fuerunt,
1004 1039 1105 1107 quem
1139 1031 1286 1108 rogatum

304 1129 421 1212 velim,
450 1131 535 1198 hene
565 1131 771 1220 scriptionem
802 1152 846 1196 ne
879 1153 939 1219 pto
965 1129 1141 1224 ἀντιγραφῇ
1169 1127 1286 1196 heheu

305 1269 422 1335 purum
437 1247 547 1314 amics.
592 1243 767 1312 Heraclidis
794 1268 923 1312 causum
945 1246 1087 1335 suscepi,
1109 1245 1202 1310 ouius
1222 1243 1285 1313 sul)

304 1359 436 1428 nomine
454 1381 538 1449 quae
555 1357 705 1426 ienmtur
726 1357 920 1451 fragments,
940 1381 980 1426 er
997 1355 1180 1426 Aristotelio
1198 1355 1286 1426 sonte

304 1495 447 1540 manasse
465 1489 497 1542 et
512 1473 639 1542 dudum
655 1472 735 1540 mihi
752 1496 940 1563 persuasum
957 1489 1052 1540 estet
1068 1471 1285 1542 Schneidewi-

244 1607 249 1617 ·
303 1611 367 1654 nus
395 1585 559 1656 luculente
588 1587 746 1678 probavit.
784 1587 850 1656 Sed
872 1588 951 1654 haec
974 1587 1139 1654 hactenus.
1177 1585 1286 1654 Aliam

302 1703 399 1770 etiam
418 1719 548 1770 oensem
568 1699 679 1770 afferre
698 1703 804 1784 iuvet,
825 1727 885 1770 cur
903 1726 971 1772 non
989 1699 1158 1792 prosuae
1175 1701 1285 1768 videad

304 1819 409 1884 turin
431 1834 579 1908 excerpto
598 1813 785 1884 Heraclidec
802 1816 843 1883 de
860 1819 1034 1898 Ὀδοποωῒς
1051 1818 1115 1909 egi.

347 1930 554 1999 Attendimus
582 1931 736 1999 huctenm
769 1933 908 2021 excerpti
935 1947 1180 2024 argumentum,
1216 1940 1286 1996 non

303 2045 409 2134 ipsum
422 2045 547 2128 locum,
567 2070 634 2136 quo
650 2047 684 2112 id
695 2045 813 2140 legitur
824 2048 859 2112 in
871 2045 1010 2136 epitome
1020 2042 1205 2111 Heruciid'u.
1226 2042 1287 2108 Fet

301 2171 411 2226 eutem
436 2158 498 2227 loci
520 2160 591 2226 ideo
616 2161 696 2226 ratio
721 2159 892 2240 habenda,
915 2158 1005 2250 quod
1028 2159 1063 2224 in
1084 2155 1284 2246 excerpendo

301 2273 568 2361 epitomatornon
577 2273 839 2366 magnoquidem
848 2269 1284 2362 deleotmsedeliqnotemen

302 2386 416 2454 ordine
437 2389 596 2477 processit.
639 2387 737 2471 Quod
762 2405 873 2454 tenens
901 2385 1164 2470 Schneidewinus
1188 2385 1284 2473 (Pro-

300 2497 564 2592 legg.p.xxv):
589 2503 802 2586 “Queruntur
819 2501 966 2580 editores,
986 2499 1104 2590 inquit,
1123 2498 1284 2588 ceterique

300 2615 362 2681 viri
386 2615 487 2698 docti,
509 2639 642 2682 cursum
663 2639 773 2682 rerum
793 2637 1022 2706 saepenumero
1046 2611 1229 2704 perturberi
1252 2627 1286 2677 et

300 2730 365 2795 ime
388 2732 520 2797 'sttrumis
547 2731 681 2797 misceri.
724 2729 835 2797 Verba
857 2729 936 2796 heec
963 2745 1042 2794 sunt
1064 2727 1177 2795 leviter
1196 2725 1284 2792 iudi·

300 2843 460 2909 cantium:
480 2841 629 2910 subtilius
645 2842 874 2935 quaerentibus
888 2859 992 2932 putet,
1009 2841 1201 2933 ubicunqne
1214 2839 1283 2906 lue·
1381 2863 1392 2894 ⁸

300 2979 354 3021 sus
375 2957 454 3023 ordo
475 2957 607 3040 dicitur,
634 2981 703 3024 non
724 2981 789 3026 esse
810 2973 1029 3046 excerptorem
1054 2957 1089 3022 in
1113 2952 1283 3034 ritic‚sed

300 3067 470 3152 doctorum
490 3069 746 3162 imprudentium
773 3087 804 3136 et
827 3065 1099 3162 incogitantiam.”
1138 3066 1283 3152 Quodsi

299 3205 414 3248 verum
429 3199 492 3264 est,
513 3201 552 3250 ut
571 3184 651 3250 mihi
669 3169 802 3276 quidem
816 3183 954 3264 videtur,
971 3180 1124 3275 colligunt
1136 3181 1283 3247 sarcinu-

298 3291 345 3361 lss
364 3296 529 3381 Ὁδοποιοὶ,
541 3283 785 3390 magistratuum
797 3299 1028 3389 viscognitum
1042 3318 1174 3362 nomen.
1196 3293 1283 3360 Nun

298 3411 323 3474 si
343 3409 536 3477 Aeschinem
553 3413 689 3502 excipies
709 3409 799 3502 (1.1.)
818 3429 1019 3493 narrantem,
1038 3405 1166 3476 Eubuli
1182 3420 1283 3474 aetate

297 3535 455 3622 θεωρικῶν
482 3531 678 3616 Praefectos,¹
698 3555 804 3622 quum
824 3547 925 3598 totam
947 3530 1014 3600 sert
1035 3527 1284 3598 administratio-

297 3665 374 3710 nem
402 3646 446 3710 rei
472 3643 621 3734 publicae
643 3645 827 3712 obtinerent
851 3662 883 3712 et
905 3645 1061 3735 pecuniae
1085 3639 1284 3734 colligendae

298 3783 334 3827 ec
355 3763 585 3854 dispensandae
606 3789 734 3847 curam,
762 3763 859 3831 simul
877 3764 972 3831 fuisse
990 3764 1185 3844 'Odonoroeic,
1205 3777 1282 3827 tsn-

297 3889 369 3940 tum
390 3863 523 3945 Photius
548 3880 585 3966 (.
611 3879 657 3961 v.)
680 3875 740 3944 tibi
764 3879 993 3968 interpretatur
1017 3876 1212 3956 Ὁδοποιοιῗς,
1239 3897 1283 3939 ne

297 3994 377 4064 sorte
395 4000 532 4082 nescias,
553 4001 635 4068 ὁδῶν
651 3997 862 4091 Ἐπιμεληιᾶς,
883 4015 981 4090 atque
995 4021 1034 4066 ex
1046 3995 1178 4064 Comico
1192 3993 1283 4084 opud

298 4107 508 4176 Plutarchum
516 4111 586 4198 (Rei
594 4109 757 4203 pubigcr·
767 4135 870 4200 praec.
879 4112 955 4180 XV.
975 4106 1282 4180 ctMeinetecoms
