2942 4902
656 398 697 460 25

184 605 370 674 nunquam,
386 599 458 674 post
474 583 609 650 Romam
623 584 795 668 eonditam‚
810 601 941 675 excepto
951 583 1006 650 illo
1013 583 1163 652 Cinnano

185 713 340 788 tempore,
360 696 472 764 iirisee:
496 721 597 788 quare
614 721 719 766 meam
738 721 866 766 causam
879 721 1002 788 semper
1020 696 1088 765 sore
1107 697 1163 764 fir-

183 811 359 878 missimam
367 861 377 893 ‚
392 812 497 878 dioere
510 809 647 892 solebat,
666 811 746 879 dum
762 809 815 880 vel
828 835 914 878 unus
935 814 971 878 in
985 835 1020 878 re
1034 810 1163 902 publica

183 921 300 990 oonsul
317 941 406 992 asset.
439 924 536 1008 Quod
558 947 632 992 vere
656 925 797 1008 dixerat,
818 927 844 992 si
866 923 950 992 iliud
974 925 1015 993 de
1035 925 1163 992 duobm

182 1033 385 1119 oonsulibus,
403 1039 492 1129 quod
514 1055 589 1106 ante
608 1040 643 1106 in
665 1062 700 1106 re
717 1036 848 1130 publiea
867 1063 935 1107 non
949 1038 1070 1122 fuerat,
1089 1063 1164 1130 per-

183 1172 268 1216 enne
292 1173 330 1216 ao
346 1154 515 1242 proprium
533 1177 663 1222 mmere
681 1156 843 1244 potuisset
867 1154 921 1220 56.
933 1153 1015 1222 Sed¹
1030 1153 1163 1222 fuenmt

184 1261 252 1330 duo
268 1262 434 1348 eonsules,
448 1289 590 1356 quorum
602 1282 724 1336 mentes
738 1283 908 1361 angustae,
921 1265 1073 1350 humiles,
1088 1291 1163 1358 par·

181 1400 259 1459 vae,
275 1376 427 1468 oppletae
440 1378 580 1447 tenebris
593 1403 630 1446 ao
644 1379 803 1463 so1dibm,
819 1403 938 1448 nomen
957 1383 1065 1472 ipsum
1085 1403 1164 1448 oon-

181 1489 320 1573 solatus,
332 1489 535 1582 splendorem
548 1489 635 1560 illius
649 1492 790 1576 honoris,
810 1493 1064 1586 magnitudinem
1083 1495 1163 1560 tanti

182 1601 312 1694 imperii
325 1626 388 1671 nec
401 1607 502 1687 tueri,
516 1629 577 1672 neo
590 1607 755 1688 sustinere,
770 1629 832 1673 neo
848 1629 960 1696 eapere
972 1623 1161 1698 potuerunt:

181 1740 251 1786 non
266 1717 425 1800 musuleo,
438 1719 495 1786 sed
510 1736 698 1788 mercatores
714 1721 953 1811 provinciarum
969 1743 1006 1788 ao
1018 1720 1164 1788 vendito-

182 1853 232 1898 res
249 1855 397 1898 summae
417 1832 593 1926 dignitatis:
610 1855 751 1924 quorum
773 1831 888 1900 altera
908 1855 961 1900 me
976 1831 1163 1916 Catilinam,

182 1961 361 2012 amatorem
376 1969 490 2028 suum,
509 1943 620 2012 multis
638 1944 859 2028 audientibus,
874 1943 954 2012 alter
968 1944 1163 2038 Cethegum,

182 2057 429 2139 eonsobrinum‚
436 2057 635 2149 reposoebat:
651 2060 710 2148 qui
719 2058 845 2126 maduo
855 2056 1081 2126 sceleratissimi
1094 2075 1165 2149 post

182 2171 359 2240 hominum
379 2173 582 2255 memoriam,
596 2195 664 2240 non
683 2170 846 2256 eonsules,
861 2173 917 2240 sed
929 2171 1084 2255 latrones,
1096 2195 1164 2240 non

183 2283 284 2352 modo
298 2285 522 2367 deserueram,
537 2288 571 2352 in
585 2311 680 2354 causa
694 2287 879 2376 praesertim
893 2283 1026 2377 publiea
1042 2301 1074 2353 et
1085 2309 1164 2354 eon·

184 2399 302 2482 sudari,
326 2399 382 2468 sed
403 2399 631 2490 prodiderunt,
652 2417 900 2494 oppugnarunt,
920 2403 1010 2468 omni
1028 2399 1164 2482 auxilio,

185 2533 255 2579 non
270 2509 376 2578 solum
390 2535 467 2594 suo,
481 2513 646 2580 sedetiam
662 2529 806 2595 senatus,
819 2529 1064 2606 oeterorumque
1079 2513 1166 2582 ordi-

186 2649 286 2709 nmn,
301 2623 474 2716 spoliatum
483 2649 548 2694 esse
566 2625 749 2694 voluerunt.

231 2855 360 2923 XVIII.
385 2853 582 2922 turtlm’
607 2857 780 2948 unguentis
794 2853 940 2937 affluens,
959 2851 1167 2921 calamistrata

186 2990 289 3050 eomn,
301 2967 475 3058 despiciens
481 2969 621 3034 eonseios
626 2983 823 3057 stuprorum,
829 2991 866 3034 ao
877 2983 996 3034 veteres
1005 2983 1166 3034 vexatores

190 3079 344 3150 aetatulae
357 3105 443 3165 auae,
461 3080 581 3173 puteali
598 3098 629 3148 et
642 3081 858 3150 feneratorum
869 3079 1017 3175 gregibus
1027 3081 1166 3165 inflatus,

191 3194 337 3286 aquibus
351 3192 535 3286 eompulsus
549 3193 637 3275 olim,
652 3217 694 3261 ne
708 3196 743 3262 in
758 3191 902 3286 Scyllaeo
916 3192 972 3260 illo
981 3197 1061 3262 aeris
1073 3193 1167 3262 alieni

191 3324 354 3400 tamquam
365 3311 400 3374 in
409 3308 489 3376 freto
494 3308 536 3374 ad
541 3307 725 3375 oolumnam
730 3307 973 3390 adhaeresoeret,
980 3309 1014 3374 in
1020 3307 1168 3376 tribuna·

193 3439 242 3490 tus
251 3439 383 3514 portum
397 3422 587 3515 periirgerat.
610 3419 848 3490 contemnebat
861 3422 983 3512 equites
996 3421 1167 3502 Romanos,

192 3536 376 3604 minabatur
398 3539 539 3618 senatui,
558 3535 744 3604 venditabat
762 3559 796 3604 so
810 3537 932 3626 operia,
953 3551 1049 3623 atque
1069 3531 1168 3599 abiis
1301 3561 1304 3568 ’

193 3672 226 3716 aa
236 3668 392 3741 ereptum,
410 3651 508 3718 neda
523 3649 650 3718 ambitu
665 3652 793 3718 eausam
807 3649 934 3729 dioeret,
949 3644 1167 3737 praedicabat,

194 3760 235 3830 ab
255 3764 434 3855 iudamque
453 3787 497 3846 se,
518 3765 614 3830 etiam
630 3763 734 3830 invito
747 3778 870 3845 senatu,
884 3759 1084 3852 provinciam
1096 3782 1168 3849 spe-

195 3875 414 3946 raredioehat:
433 3877 650 3968 eamquenid
670 3869 1170 3966 &summatumoelumem

190 4027 367 4046 *-

232 4109 252 4179 ¹)
264 4113 325 4166 lhid.
345 4113 360 4181 ᾗ
378 4117 421 4166 to.
437 4141 473 4156 ·-
489 4112 514 4179 ²)
529 4129 574 4179 pro
591 4115 675 4166 Sextio
690 4128 714 4166 c.
729 4115 754 4162 8.
769 4110 785 4178 5
805 4114 847 4162 18.
