2940 4900
717 331 781 396 160

259 533 402 610 geretur:
425 517 524 584 lilius
542 531 646 584 eutem
663 528 855 608 armigerum
871 518 1025 609 allegavit
1046 539 1153 598 sunm,
1173 539 1245 584 nu·
1313 491 1323 518 Χ

258 633 353 698 metis
362 629 472 714 nullis,
479 633 641 699 sensnum
647 631 708 698 sibi
716 634 879 700 restituere
885 630 1242 704 videbetnxenibendo:

259 745 360 810 Fib'ne
374 755 565 836 armigerum
586 783 626 799 -
645 745 749 812 oritem
767 747 1038 836 allegavit'ruom,
1060 745 1150 836 quod
1163 743 1243 812 ferri

258 859 351 926 nullo
373 861 470 928 modo
495 877 608 951 potest.
645 861 789 943 Excidit,
810 861 920 942 credo,
940 861 1032 926 initio
1050 884 1160 928 versus
1179 883 1244 927 ro·-

258 972 414 1040 cebulum
433 976 527 1063 liujus
542 972 594 1042 vel
612 977 696 1064 ejus,
716 998 783 1064 quo
797 973 929 1040 reducto
940 975 1068 1041 numeri
1077 989 1242 1040 constent:

346 1089 428 1177 Ejus
434 1087 535 1178 filine
552 1100 656 1152 autem
670 1093 862 1176 ormigemm
877 1087 1026 1176 alkgaot't
1046 1111 1149 1154 cuum.
1283 1119 1294 1132 ·

256 1201 301 1266 Et
319 1201 447 1268 videtur
463 1203 683 1290 proximarum
702 1198 867 1266 literarum
880 1199 1053 1290 (FILIUS)
1064 1197 1241 1264 similitudo

256 1313 341 1380 hauc
360 1337 472 1380 vocem
490 1312 620 1404 (EIUS)
640 1310 812 1402 expulisse,
829 1335 913 1402 queo
929 1335 1005 1380 eane
1024 1309 1242 1402 plurimarum

257 1429 293 1492 in
307 1426 468 1494 veteribus
484 1425 692 1518 scriptoribus
703 1423 960 1514 corruptelarum
973 1424 1035 1492 fuit
1044 1449 1149 1492 censa
1172 1426 1241 1492 Fa-

257 1537 375 1606 cillime
394 1541 482 1606 enim
502 1539 571 1606 lieri
589 1541 712 1630 potuit,
729 1555 767 1604 ut
784 1536 907 1607 librarii
925 1553 982 1604 aut
995 1535 1079 1604 male
1093 1537 1243 1630 gemina-

257 1671 329 1721 rent
347 1651 482 1736 litteras,
500 1670 572 1735 aut,
592 1677 675 1744 quae
691 1652 742 1720 bis
758 1651 944 1720 scribendae
958 1667 1067 1733 erent,
1077 1631 1243 1718 aberran-

255 1767 343 1834 tibus
368 1765 484 1850 oculis,
513 1765 610 1834 semel
633 1783 760 1834 tantum
787 1781 954 1856 ponerent.
990 1765 1169 1855 Utriusque
1192 1766 1241 1832 rei

256 1881 441 1972 exemplum
458 1879 598 1948 afferam.
624 1879 725 1970 Apud
746 1881 917 1946 Horatium
932 1877 998 1948 Sat.
1018 1878 1064 1944 II.
1084 1880 1099 1942 l
1123 1901 1169 1944 rs.
1193 1878 1240 1942 55

254 1993 386 2088 legitur:
412 1997 523 2078 Dives,
550 2004 662 2084 inope,
677 1997 818 2074 Romae,
834 2019 906 2076 eeu,
928 1995 1010 2060 Fore
1031 1997 1239 2082 itajueeen't,

256 2109 357 2176 exsul.
374 2109 488 2188 Nemo,
499 2110 625 2197 opinor,
635 2107 772 2198 perlecti
782 2109 846 2173 toti
856 2108 1020 2188 sententie,
1027 2104 1123 2174 semel
1129 2109 1241 2174 moni-

256 2237 308 2286 tus
323 2219 485 2286 dubitabit
500 2221 727 2314 corrigendum
742 2223 874 2286 omnino
892 2244 973 2288 esse:
995 2223 1106 2303 Dives,
1122 2229 1239 2309 inopr3

255 2333 387 2415 Romae,
395 2357 462 2416 eeu,
470 2335 549 2399 Fore
557 2335 601 2399 SI
609 2343 655 2398 ito
655 2336 790 2423 jusserit
800 2336 874 2419 (Ed.
886 2336 971 2402 Stet.
985 2333 1119 2422 buerit),
1131 2332 1236 2400 exsul.

255 2447 390 2537 Propter
417 2447 659 2538 praecedentem
682 2473 710 2531 s,
737 2465 769 2515 et
792 2447 1044 2540 subsequentem
1063 2446 1200 2514 litteram
1225 2455 1242 2512 i

254 2559 411 2650 particule
430 2571 460 2628 ei
479 2562 637 2628 exciderat
654 2563 678 2626 ¹.
701 2559 851 2628 Alterum
874 2559 1058 2650 exemplum
1071 2559 1240 2632 desumant

254 2697 294 2741 ex
315 2673 453 2742 Senecae
467 2676 513 2740 ad
524 2676 683 2740 Marciam
702 2674 936 2742 Consolationis
952 2675 979 2740 Ι.
1000 2675 1018 2766 5
1038 2677 1075 2756 3,
1091 2671 1150 2740 ubi
1165 2689 1239 2762 post

254 2785 316 2854 alia
334 2789 379 2854 sic
400 2789 557 2854 Marciam
575 2785 752 2880 alloquitur
766 2787 901 2856 Seneca:
925 2787 1075 2878 “Optime
1094 2793 1240 2856 meruisti

128 2993 131 2998 Ι
254 2901 295 2966 de
310 2903 462 2966 &monis
475 2901 608 2982 secedim
627 2927 745 2993 magna
765 2901 891 2968 illenim
902 2925 986 2992 pore
1007 2914 1151 2968 mearat:
1172 2923 1238 2988 op-

254 3019 328 3078 time
346 3011 537 3100 deportetis
550 3011 634 3080 etc.’'
660 3011 892 3082 Difficultatem
905 3013 960 3080 bic
976 3016 1108 3104 pariunt
1118 3011 1236 3081 verba:

254 3149 373 3215 magno
388 3125 516 3192 illorum
528 3150 612 3216 porr
633 3142 776 3211 arserat,
798 3151 941 3219 quorum
963 3124 1141 3216 Ruhtopfii
1160 3125 1239 3216 qui-

254 3237 329 3306 dem
343 3235 585 3328 explicationem
596 3243 666 3330 jure
676 3243 790 3308 merito
800 3241 947 3331 repudiat
957 3241 999 3308 H.
1013 3237 1238 3320 C.Michee'lis‚

253 3353 305 3420 eir
323 3351 531 3436 doctissimus,
547 3355 583 3422 in
594 3355 820 3438 dissertatione,
831 3379 897 3447 que
905 3354 984 3420 baec
997 3352 1135 3422 Senecae
1145 3351 1237 3418 Con·

253 3463 363 3534 solatio
382 3485 537 3558 perpetuo
548 3471 775 3536 commentario
790 3471 945 3536 instructa
955 3465 1143 3534 illustretur.
1170 3465 1239 3558 Sed
1312 3507 1319 3519 ·

253 3579 352 3668 ipsius
371 3577 552 3668 explicatio:
578 3581 720 3673 “Magna
734 3577 865 3646 illorum
876 3577 956 3671 (scil.
972 3577 1144 3667 librorum)
1161 3546 1237 3668 peis

250 3721 446 3734 *ὴ-ι--ι

290 3787 312 3854 ¹)
330 3791 393 3842 fieri
412 3801 506 3856 potest.
526 3801 554 3843 ut
566 3795 618 3856 jam
637 3796 701 3844 alios
716 3803 774 3846 ante
790 3810 829 3846 me
847 3795 999 3846 incideritis
1015 3793 1155 3846 facillimam
1170 3795 1237 3844 banc

252 3885 463 3946 emendationem
484 3888 527 3938 ted
543 3901 608 3950 quae
624 3889 683 3960 mihi
702 3889 733 3938 ad
752 3903 838 3940 manue
853 3899 910 3939 sunt
927 3889 1021 3940 Horatii
1033 3890 1153 3940 editiones
1165 3887 1210 3956 (To

253 3980 338 4041 rentii,
353 3978 470 4044 Bentleii,
482 3983 647 4045 Guninnmii,
661 3983 782 4034 wiciardi
795 3993 821 4036 et
838 3983 973 4053 menori),
983 3986 1009 4034 in
1022 3985 1051 4034 ile
1062 3985 1093 4036 de
1109 3985 1156 4034 lod
1170 3985 1196 4034 in

252 4076 340 4138 grltate
353 4087 385 4126 ne
394 4076 499 4126 dubitari
511 4077 611 4140 quidem
622 4077 729 4128 ridetur.
