2862 4894
636 389 673 449 51

170 587 262 641 autern
283 597 319 642 er
344 579 483 640 numero'
502 574 641 654 cisium,
666 573 824 640 dementis
843 572 946 664 aliqua
962 572 1135 664 depravati,

171 687 261 755 bootes
282 689 404 780 patriae
428 686 526 754 semel
536 709 602 752 esse
625 699 808 776 coeperunt,
827 709 891 767 eos,
911 709 1009 776 quum
1028 712 1045 752 n
1066 710 1138 778 per·

171 803 242 868 nicie
266 805 311 869 rei
347 803 500 894 publicae
532 801 706 892 repuleris,
737 821 796 867 nec
827 801 856 866 ei
879 808 1048 881 co'e'rcere,
1082 825 1140 870 nec

173 917 311 983 beneficio
339 917 466 1007 placare
499 916 609 1006 possis.
658 915 761 1002 Quare
794 912 873 980 mibi
906 937 980 980 curn
1011 915 1140 1006 perditis

172 1031 281 1096 uiribus
304 1045 468 1099 aeteruum
494 1031 612 1098 bellum
634 1044 813 1119 susceptum
837 1051 903 1096 esse
926 1027 1078 1096 videbam.

214 1255 359 1324 xxxin.
388 1259 462 1324 128.
488 1259 529 1326 Et
548 1259 558 1298 ¹
580 1259 641 1323 iam
664 1259 813 1324 extremis
834 1255 945 1324 diebus
964 1259 1141 1324 consulatus

179 1371 245 1448 nei,
269 1393 315 1436 res
337 1394 410 1448 eas,
443 1393 521 1460 quas
543 1393 718 1462 gesseram,
750 1393 857 1438 serare
879 1371 1051 1462 cupiebant
1071 1371 1141 1438 Tri·

181 1479 241 1548 bnni
263 1486 363 1574 piebis
388 1489 471 1550 nori.
520 1488 587 1575 Ego
605 1485 618 1524 ²
636 1499 740 1552 autem
757 1499 853 1553 —ut
871 1486 966 1554 semel
981 1487 1142 1566 Nonarum

183 1595 285 1664 ilbrum
320 1599 561 1680 Decembrium,
595 1601 733 1666 iunctam
762 1599 879 1666 insidia
902 1621 939 1666 ac
971 1603 1142 1669 multorum

184 1707 345 1791 inimicitiis,
365 1715 509 1780 eximiam
534 1713 703 1803 qnamdam
727 1727 824 1802 etque
848 1713 1058 1781 immortalem
1077 1717 1140 1804 glo·
1246 1747 1251 1758 ·

186 1823 243 1888 ritu
262 1839 445 1892 consecutus
468 1803 536 1893 suni
551 1865 597 1878 -
613 1849 674 1899 non
697 1827 804 1894 destiti
823 1825 933 1894 eadem
957 1830 1053 1894 animi
1078 1851 1144 1896 ma·

193 1937 323 2020 paitodine
338 1943 375 2006 in.
395 1965 430 2008 re
452 1941 579 2032 publica
605 1945 717 2006 versari
742 1955 774 2007 et
797 1940 884 2008 iiiam
908 1943 1084 2009 institutam
1106 1965 1143 2010 ac

197 2069 340 2144 “turpiam
373 2054 560 2144 dignitatem
597 2057 690 2120 tueri.
751 2059 822 2122 129.
852 2053 1047 2122 Metellum
1073 2077 1145 2122 vcro

191 2185 262 2251 quon
301 2170 523 2260 comperissem
552 2193 678 2235 ornnem
709 2171 756 2234 sui
791 2168 967 2236 tribunatus
996 2183 1144 2236 conatum

189 2279 325 2352 beream
351 2285 525 2376 perniciem
551 2305 662 2376 parere
685 2298 781 2375 atque
801 2285 971 2363 meditari,
995 2286 1045 2374 egi
1073 2307 1144 2352 cunr

187 2391 311 2473 studia.
345 2422 440 2465 nrore
470 2397 605 2478 Celeris,
641 2414 673 2466 et
700 2422 773 2466 cnm
794 2398 992 2466 Metellorum
1017 2421 1144 2480 sorore,

183 2505 291 2594 lineis,
320 2513 408 2579 cuins
432 2537 502 2602 erga
526 2537 575 2580 me
603 2514 743 2580 studium
763 2537 825 2602 pro
849 2514 907 2581 Gn.
929 2513 1072 2602 Pompeii
1093 2535 1146 2579 ne·

180 2626 353 2693 sesirudine
385 2626 493 2694 multis
522 2629 552 2693 in
572 2625 665 2695 rebus
691 2649 923 2718 perspexeram,
949 2639 983 2691 ut
1009 2648 1084 2692 eum
1106 2629 1146 2691 ab

177 2735 221 2802 iiia
239 2741 352 2808 iniuria
376 2742 580 2810 deterrerent.
628 2745 670 2808 At
694 2742 745 2808 ilie
764 2742 865 2831 pridie
884 2740 953 2806 Kar.
974 2740 1143 2819 ianuarias,

178 2875 230 2942 qua
259 2857 373 2923 iniuria
399 2879 491 2924 nemo
522 2879 658 2947 unquam
680 2859 712 2924 in
746 2858 852 2921 infimo
878 2857 1058 2944 magistratu
1088 2855 1146 2919 irn-

174 2971 368 3056 probissimue
395 2974 472 3038 ciris
501 2973 628 3038 affectus
651 2983 717 3050 est,
742 2995 781 3037 ea
815 2971 1050 3038 rne;eonsnlerrr
1074 2971 1147 3036 affe-

172 3083 226 3166 cit,
248 3108 345 3175 quum
374 3109 438 3153 rem
462 3086 622 3178 publicam
651 3097 891 3166 conservassem,
912 3098 1006 3175 atque
1028 3088 1145 3152 abeun-

168 3212 228 3264 tem
258 3203 441 3289 megistratn
457 3203 617 3268 concionis
644 3200 806 3267 habendae
825 3211 979 3291 potestate
996 3201 1144 3290 privarit:

167 3313 254 3379 ouius
266 3313 382 3380 iniuria
398 3317 476 3383 mibi
494 3329 596 3382 tamen
609 3315 722 3382 bonori
739 3337 860 3381 summo
873 3316 943 3382 fuir.
962 3320 1032 3381 130.
1056 3315 1147 3395 Num,

166 3449 263 3516 quum
289 3427 344 3493 iiie
373 3428 573 3511 mihi-nibil,
598 3434 656 3498 nisi
678 3445 714 3498 nt
739 3433 897 3513 iurarem,
928 3430 1147 3520 permitteret;

164 3565 275 3630 magna
300 3566 375 3610 rone
405 3547 504 3611 iurari
530 3549 722 3614 verissimum
747 3545 1062 3638 pulcherrimumque
1085 3544 1148 3609 ius·

165 3657 351 3724 iurandum:
387 3665 648 3752 rempublicam
667 3662 799 3750 *utque
828 3663 915 3726 leone
939 3661 1051 3724 urbem
1078 3680 1150 3722 mea

163 3775 270 3837 cuins
293 3795 401 3862 opera
427 3797 500 3840 esre
522 3779 677 3854 saluam
706 3775 789 3865 qnod
809 3775 822 3816 ⁵
841 3773 976 3864 pnpnius
992 3773 1067 3839 item
1086 3795 1151 3837 ma·

156 3905 304 3918 m

203 3961 227 4026 ¹)
242 3977 285 4023 nro
305 3961 381 4012 Sextio
404 3979 425 4014 ο.
443 3962 468 4013 s.
486 3965 500 4030 t
524 3963 563 4016 11.
580 3991 612 4004 -
627 3963 651 4030 2)
664 3965 694 4014 ar
715 3969 762 4015 nr.
787 3964 811 4015 1.
829 3962 868 4015 ro.
883 3965 897 4030 s
910 3963 934 4016 s.
952 3991 983 4002 -
1001 3963 1024 4026 ³)
1041 3963 1108 4025 rpus
1123 3960 1153 4009 sa

34 4045 35 4064 ³
166 4055 253 4105 lesit.
268 4054 367 4103 Celerem
380 4055 418 4120 (sd
434 4058 495 4110 Fam.
511 4059 536 4109 Υ.
553 4055 647 4124 216.)
658 4083 692 4096 -
706 4057 730 4125 ⁴)
742 4061 767 4110 in
785 4059 859 4110 rison.
875 4075 896 4109 c.
907 4057 953 4123 (bb
967 4057 991 4106 6.
1001 4082 1032 4097 ··
1042 4057 1067 4120 ⁵)
1084 4055 1151 4117 rpus.

168 4151 197 4198 n
214 4147 301 4198 lenti.
321 4147 420 4200 mem
436 4152 474 4218 (sa
487 4153 547 4202 sm.
567 4153 592 4204 r.
608 4149 633 4204 2.
648 4152 662 4218 s
676 4153 713 4217 r.)

1004 4247 1040 4306 4.
