2856 4894
624 355 688 420 973

167 546 274 608 rtoriae
294 544 436 622 utilitate,
455 561 549 628 quern
569 541 716 606 nonnulii
736 541 888 626 negligere
907 541 1054 613 ridentur,
1076 563 1149 626 pan·

166 657 210 716 oie
229 653 383 729 dierum,
409 653 448 715 nb
467 652 516 714 hir
536 649 718 738 temporibus
738 671 803 713 non
823 651 958 712 alienum
980 651 1077 712 virum
1096 661 1150 712 ert.

167 759 255 838 Quod
282 781 345 844 quo
372 757 428 822 fiet
455 755 580 832 reotirir,
607 757 761 820 videamur
787 758 921 842 primurn
948 755 1072 842 qualem
1092 777 1151 818 erro

166 865 425 930 idrtorionrillnm
443 875 587 952 oporteat,
609 876 643 927 ut
662 876 792 950 operator
813 864 884 926 inde
904 860 1152 944 frueturoolliga·

166 993 244 1046 rnna,
265 983 295 1034 et
312 993 414 1035 revere
434 973 489 1044 tit,
506 969 593 1055 qnod
613 990 672 1032 erre
693 969 791 1048 debet,
812 967 951 1032 »salubre
963 967 1055 1040 illud,
1071 965 1152 1028 unde

166 1078 252 1165 quod
272 1079 389 1142 imitere
410 1078 525 1162 oapirr,
546 1075 628 1138 unde
648 1075 931 1160 foedum'inoeptn,
951 1074 1073 1138 foedum
1083 1075 1153 1136 exi·

167 1197 219 1259 ru,
241 1185 325 1269 qnod
345 1185 478 1248 viont’t
1111 1227 1114 1238 .

208 1289 297 1352 lutri
318 1291 388 1352 ratis
407 1311 439 1352 re
458 1291 557 1354 feriere
577 1301 689 1376 patant
707 1301 738 1352 et
754 1289 883 1352 doeendi
896 1301 990 1352 artem
1002 1289 1152 1360 docuisse,

167 1397 295 1482 qnando
324 1399 475 1480 originem
499 1398 559 1458 rire
585 1417 704 1459 ennam
730 1394 851 1458 rohol‘ae
880 1396 1020 1459 oonditee
1046 1406 1076 1457 et
1101 1416 1154 1456 no·
1242 1446 1256 1474 ,

167 1503 256 1566 rnina
276 1503 439 1566 Doctorum
460 1503 641 1576 notaverint,
661 1523 724 1588 quo
738 1513 868 1586 tempore
888 1499 923 1562 hi
942 1521 1054 1564 monor
1067 1521 1155 1565 ouum

169 1612 318 1695 rnrpioati
344 1611 429 1682 rint,
450 1607 576 1693 quondo
600 1611 731 1681 mortui,
757 1629 896 1693 quaeque
922 1607 1032 1691 scripta
1052 1605 1156 1668 edide-

168 1717 244 1778 rint.
266 1715 358 1798 Atqui
381 1712 464 1786 baec,
486 1725 521 1776 at
541 1715 603 1776 rint
623 1713 751 1797 aliquid,
765 1735 830 1776 non
844 1714 1062 1776 tamenomnie
1074 1723 1154 1785 eunt,

168 1841 268 1904 qnnrn
288 1821 385 1905 mergit
406 1820 445 1881 ad
463 1819 620 1882 historiam
640 1821 822 1893 Litererunr,
845 1841 939 1904 quern
958 1819 996 1882 ed
1010 1822 1155 1880 distortam

172 1929 341 1992 Servorum
371 1928 519 2012 pertinere
549 1927 717 1990 rideantur.
741 1963 781 1974 -
809 1927 926 1988 Praeter
953 1925 1029 1986 haee
1056 1937 1156 1988 autern

169 2027 412 2120 nninronjarqoe
443 2033 563 2096 roholee
581 2033 717 2096 'historia
748 2033 903 2095 oontineat
926 2033 1156 2117 oportetlaeger

169 2137 294 2225 puhiiee
314 2159 333 2200 a
351 2159 470 2202 sommo
491 2140 662 2224 imperante
681 2139 767 2216 letar',
787 2139 926 2200 institute
940 2139 1066 2222 privata,
1080 2157 1157 2220 quae
1202 2163 1206 2170 ·

73 2311 76 2319 ,
169 2245 212 2308 ad
230 2243 540 2329 quamque·roholrm
560 2245 727 2329 pertinent,
748 2243 856 2316 libror,
878 2243 932 2328 qni
954 2242 1110 2327 direip'ulir
1124 2243 1158 2302 in

169 2369 283 2412 monne
302 2349 381 2426 tradi
403 2349 510 2424 solent,
531 2351 684 2424 ordinem,
705 2371 768 2434 qno
788 2349 836 2412 illi
854 2349 974 2432 legendi
988 2359 1157 2411 eenrentnr.

170 2455 485 2544 Animadrwtendnm
496 2469 656 2541 ,praeterea
676 2457 848 2540 diligenter,
868 2457 968 2540 qualit
981 2455 1071 2518 suerit
1088 2478 1158 2518 oon·

169 2561 251 2624 ditio
271 2571 394 2622 externe
413 2573 444 2623 et
462 2562 568 2645 qualia
588 2575 739 2646 ternpore3
758 2585 798 2626 ex
818 2561 866 2624 hir
887 2564 984 2637 eninr,
1008 2562 1159 2626 interolir

169 2665 444 2750 molta,³pendent
462 2665 518 2728 flor
538 2679 569 2728 et
588 2668 711 2742 fruetur,
728 2671 782 2752 qui
797 2690 835 2730 ex
855 2671 1050 2732 inrtitrrtion'e¹
1065 2670 1168 2754 perci·

171 2774 312 2858 pientur.
342 2771 458 2834 'iarbae
478 2773 591 2852 eiriler,
613 2775 772 2856 ingenium
791 2775 920 2846 eaeonli,
942 2773 1159 2848 aliaeroholae,

171 2891 203 2944 et
227 2879 381 2941 inferiorer
405 2891 435 2941 et
462 2879 633 2964 superiores,
659 2881 824 2942 maximam
845 2881 908 2942 vim
928 2879 1056 2954 habent,
1076 2881 1160 2966 quod

172 3005 267 3048 nemo
291 2997 397 3069 neget,
425 2987 459 3046 in
485 2983 656 3048 scholaram
676 2998 789 3050 etatum
808 2998 838 3048 et
857 2986 1071 3050 eonditionem.
1105 2989 1160 3050 tte

172 3111 235 3177 qne
262 3101 384 3154 tontnrn
403 3111 449 3152 ree
469 3103 609 3154 externae
630 3103 660 3154 et
679 3092 770 3156 farier
789 3091 960 3156 scholarum
982 3095 1159 3179 spectando,

173 3199 228 3262 red
252 3199 288 3260 in
308 3195 426 3260 reholaa
452 3197 535 3260 velut
556 3200 736 3262 intrandum
755 3211 798 3262 eet
818 3212 849 3264 et
866 3199 1041 3274 videndum,
1061 3201 1161 3286 qualit

172 3307 215 3368 rit
234 3303 393 3366 methodus
413 3303 559 3379 docendi,
580 3327 641 3390 qno
661 3307 776 3390 singoli
797 3307 929 3370 doctores
949 3309 996 3370 uri
1017 3310 1091 3386 rint3
1115 3309 1160 3370 in·

174 3409 362 3496 quirendum
382 3423 425 3474 ert
444 3413 479 3472 in
500 3433 612 3490 moror,
632 3425 848 3498 propterquam
868 3411 949 3476 hrno
959 3399 1080 3476 illamve
1094 3413 1161 3476 eliis

175 3518 386 3603 praetulerint.
421 3519 487 3581 lino
512 3519 665 3582 reserenda
694 3522 834 3594 materie,
855 3522 916 3582 rire
934 3520 1113 3605 diroiplinoe
1131 3531 1162 3582 et
1218 3572 1226 3586 ,

175 3623 314 3707 linguae,
324 3623 437 3708 qnibnr
456 3625 599 3711 discipuli
621 3627 807 3690 erudiantur.
838 3627 966 3690 tultum
986 3629 1077 3690 etiarn
1089 3649 1160 3714 pen·

175 3728 231 3791 det
250 3753 289 3793 ex
307 3729 526 3816 ditoipnlornrn
540 3735 657 3818 ingenii
679 3731 884 3808 seordtotibur,
898 3735 1003 3820 quoles
1016 3735 1078 3796 rint
1091 3753 1162 3795 oum

176 3831 294 3896 eohol‘ar
319 3836 452 3916 intrant3
479 3839 612 3902 nrnltunr
640 3861 678 3902 ex
703 3841 815 3903 eitiunt
841 3851 871 3902 et
899 3851 1060 3926 parentum
1080 3841 1162 3902 rietn

178 3941 336 4025 animique
358 3941 459 4018 cultu,
479 3946 611 4010 multum
632 3967 669 4010 ex
690 3945 758 4010 eliis
778 3945 877 4011 rebar.
911 3947 975 4010 duo
996 3946 1163 4012 aooedatirt

217 4086 224 4119 ¹
244 4089 300 4141 Lrt.
322 4091 383 4142 Hirr.
403 4091 507 4144 Proeiot.
