2862 4894
636 335 677 400 25

172 519 202 586 Si
219 519 280 586 hoc
292 533 358 610 port
371 518 535 586 hominum
554 523 735 588 memoriam
750 523 882 613 contigit
897 524 1037 604 nemini,
1064 525 1146 588 rocis

173 647 321 725 exspectas
358 636 600 716 contumeliam,
635 659 733 728 quum
761 638 801 703 sis
825 639 1004 726 gratissimo
1028 637 1147 704 iudicio

173 751 388 814 taciturnitatis
423 753 612 839 oppressus?
661 751 766 837 Quid?
805 753 887 842 quod
922 753 1059 818 adventu
1095 768 1148 818 tuo

176 864 224 928 ista
248 865 390 929 subsellia
410 867 587 930 racuelecta
609 869 705 930 sunt?
731 866 814 955 quod
836 891 942 932 omnes
958 869 1147 949 consulares,

174 979 222 1068 qni
241 980 300 1044 tibi
319 1002 467 1068 persaepe
485 979 523 1045 ed
544 979 670 1047 cosdem
692 982 855 1046 constituti
878 982 1028 1062 luerunt,
1055 981 1149 1046 simul

172 1108 259 1182 etque
281 1093 442 1176 essedisti,
469 1107 589 1184 partem
613 1096 702 1160 istem
725 1095 941 1160 subselliorum
964 1096 1078 1160 nudam
1103 1109 1149 1160 st·

170 1229 223 1296 que
243 1209 365 1274 inanem
386 1187 613 1298 reliquerunt?
663 1211 731 1296 Quo
754 1207 878 1275 tandem
893 1210 999 1274 animo
1013 1209 1073 1274 hoc
1088 1210 1147 1274 tibi

171 1323 328 1388 lerendum
352 1325 464 1413 putas?
510 1323 562 1390 58.
585 1320 674 1388 Servi
700 1323 858 1389 mehercle
881 1324 943 1388 mei
967 1325 991 1388 si
1017 1347 1066 1388 me
1090 1325 1148 1389 isto

172 1451 255 1524 pacto
292 1451 490 1516 metuerent,
526 1451 561 1504 ut
593 1451 624 1504 te
655 1451 801 1504 metuunt
837 1461 943 1504 omnes
977 1440 1059 1504 eires
1085 1440 1148 1517 tui,

172 1549 292 1616 domum
317 1575 419 1616 meam
442 1551 681 1641 relinquendam
707 1566 872 1642 putarem:
897 1565 930 1617 tu
955 1554 1014 1618 tibi
1038 1553 1149 1619 urbem

176 1685 227 1730 uon
250 1665 442 1732 arbitreris?
466 1679 510 1747 et,
535 1667 560 1730 si
584 1689 634 1732 me
658 1668 735 1731 meis
758 1665 880 1730 civibus
907 1666 1021 1732 iniuria
1045 1689 1149 1756 suspe-

176 1789 249 1845 ctum
270 1793 336 1846 tam
355 1780 492 1869 qrerites
507 1792 603 1869 etque
627 1779 778 1845 offensum
795 1777 955 1861 riderem3
982 1802 1089 1845 carere
1101 1761 1166 1847 me.

181 1893 323 1984 sispectu
358 1896 494 1974 sirium,
528 1917 623 1984 quem
648 1893 767 1959 infestis
792 1893 890 1959 oculis
915 1895 1054 1960 omnium
1079 1915 1153 1958 cou-

186 2011 243 2096 spioi
268 2009 423 2076 mallem:
451 2023 503 2091 tu,
529 2031 627 2098 quum
652 2009 842 2074 conscientie
859 2006 1150 2074 scelerumtuorum

181 2144 316 2210 agnosces
340 2123 448 2190 odium
480 2123 620 2190 omnium
645 2123 761 2189 iustum
793 2135 825 2190 et
849 2122 909 2186 iem
933 2121 992 2188 tibi
1016 2121 1070 2188 diu
1094 2121 1152 2188 de-

177 2233 287 2318 litum,
312 2237 461 2317 dubitas,
494 2259 628 2326 quorum
652 2247 774 2303 mentes
797 2257 967 2325 sensusque
991 2237 1149 2319 vulneras,

176 2371 273 2418 eorum
299 2352 484 2441 adspectum
507 2347 780 2440 praesentiamque
810 2350 933 2416 nitere?
981 2355 1036 2417 59.
1061 2351 1096 2420 Si
1121 2365 1151 2417 te

173 2479 310 2550 parentes
333 2467 482 2532 timerent
505 2477 600 2556 etque
624 2466 761 2532 odissent
784 2466 858 2546 tui,
883 2487 987 2555 neque
1010 2487 1062 2531 eos
1085 2464 1148 2529 ulla

176 2581 291 2646 ratione
322 2579 448 2670 placare
477 2601 604 2669 posses;
637 2591 673 2646 ut
697 2581 829 2669 opinor,
856 2577 895 2643 ab
918 2599 1027 2643 eorum
1051 2577 1149 2643 oculis
1173 2583 1178 2592 “

175 2691 274 2784 aliquo
309 2693 511 2760 concederes:
541 2715 626 2760 nuuc
662 2705 692 2760 te
714 2693 835 2782 patria,
870 2713 950 2782 quae
973 2691 1148 2756 communis

174 2819 214 2872 est
235 2810 376 2875 omnium
402 2822 542 2874 nostrum
565 2830 687 2898 perena,
715 2807 781 2874 odit
805 2829 841 2872 ec
864 2802 996 2884 metuit',
1022 2815 1053 2870 et
1070 2805 1150 2869 iam·

174 2917 222 2986 rliu
246 2937 277 2989 te
300 2922 381 2988 nihil
405 2923 523 2990 iudicat
537 2973 547 3006 ,
573 2923 633 2988 nisi
657 2923 696 2989 de
720 2921 890 3012 parricidio
915 2943 971 2987 suo
996 2920 1147 3008 cogitare.

174 3033 265 3102 liuius
297 3049 332 3103 tu
363 3061 465 3128 neque
496 3037 717 3104 auctoritatem
746 3035 917 3117 verebere,
942 3058 1045 3125 neque
1069 3036 1151 3100 iudi·

176 3148 254 3214 cium
278 3173 420 3240 sequere,
444 3173 548 3240 neque
572 3151 635 3216 rim
658 3150 882 3240 pertimesces?
931 3150 1016 3235 Quee
1032 3161 1149 3229 tecum,

179 3261 329 3346 Catilina,
355 3267 399 3332 sic
423 3267 508 3355 agit,
534 3279 566 3333 et
589 3265 726 3356 quodem
750 3265 844 3330 modo
868 3266 963 3330 tecita
986 3264 1148 3354 loquitur:

177 3375 308 3444 Nullum
337 3384 472 3468 aliquot
503 3387 574 3446 iam
601 3386 704 3447 annis
722 3381 870 3467 sueinus
901 3357 1054 3459 exstitii,
1079 3381 1152 3444 nisi

172 3511 235 3578 per
251 3503 302 3558 ter
324 3498 453 3560 nullum
461 3495 649 3588 flagitium
666 3501 798 3560 sinete:
821 3496 886 3560 tibi
898 3496 957 3559 uni
972 3494 1151 3558 multorum

179 3609 296 3671 tioium
328 3631 443 3689 neces,
475 3611 539 3676 tibi
576 3613 714 3677 vexatio
741 3609 955 3698 direptioque
985 3611 1152 3673 sociorum

180 3721 341 3808 impunito
361 3722 439 3809 suit
468 3747 510 3790 uc
535 3724 665 3789 libera:
696 3733 732 3789 lu
753 3745 816 3790 non
840 3723 948 3786 solum
977 3721 1027 3786 ad
1041 3723 1153 3810 negli-

178 3840 301 3919 gendas
323 3839 416 3925 leges
437 3847 468 3901 et
486 3843 715 3926 quaestiones,
740 3841 973 3902 verumetiam
990 3836 1039 3900 ad
1056 3857 1153 3899 ever·
1195 3925 1199 3932 Ι

182 3949 292 4014 midas
309 3949 650 4041 perfringendasque
671 3955 826 4019 uoluisti.
874 3947 1065 4040 Superiora
1075 3949 1154 4024 illa,

184 4083 377 4154 quamquam
387 4065 537 4151 serenda
559 4092 624 4136 non
634 4068 802 4155 fuerunt,
828 4073 958 4148 tamen,
982 4069 1020 4128 ut
1030 4061 1149 4152 potui,
