2856 4894
771 353 835 422 stt

307 545 428 616 mirari,
454 544 504 605 ssd
524 543 677 620 Doctores,
701 545 755 627 qni
774 564 821 605 cos
839 543 1009 605 docuerunt
1027 554 1057 603 ct
1078 541 1208 604 docendi
1230 562 1291 602 mc-

307 651 382 711 dum
402 661 434 711 et
455 651 534 712 riam
549 649 701 734 adspicere
717 650 815 732 jurat.
843 649 922 710 Haec
939 659 982 710 est
999 650 1089 710 unica
1106 649 1291 709 structuris

308 755 415 841 populi
437 755 566 840 alicujus
584 773 680 816 mores
700 753 917 836 cognoscendi3
931 748 1057 814 'haerere
1075 773 1189 836 sempe
1207 753 1241 814 in
1255 751 1291 812 iis

308 864 394 940 viris,
416 863 471 947 qui
492 861 579 924 rebus
596 873 739 946 praesunt
762 881 870 946 casque
891 879 991 943 regere
1012 859 1059 922 vel
1083 857 1291 921 administrare

309 969 459 1042 videntur,
480 971 528 1031 nil
554 969 701 1030 aliud-est
727 969 787 1030 nisi
807 967 967 1029 histriones
986 967 1100 1038 videre,
1123 966 1199 1027 dnm
1225 985 1292 1026 cau·

311 1095 356 1136 sas
377 1095 475 1136 rerum
492 1076 675 1156 ignoramus.
698 1071 882 1146 ‘Inssscbolis
903 1093 982 1157 qnae
1000 1073 1063 1134 rim
1076 1093 1162 1134 suam
1179 1069 1293 1155 ubique

310 1191 467 1251 exserunt,
490 1189 521 1240 ct
539 1181 573 1240 in
595 1199 699 1240 esrum
719 1178 907 1250 conditione,
927 1197 988 1262 qus
1011 1179 1088 1239 circs
1115 1177 1292 1255 formantur,

312 1305 418 1347 causae
427 1285 617 1369 quaerendae
635 1297 707 1346 sunt
721 1296 752 1346 et
766 1285 960 1346 invenientur
976 1305 1079 1346 earnm
1096 1305 1206 1360 rerum,
1221 1303 1293 1368 quas

312 1390 360 1452 vel
379 1411 531 1476 prosperas
553 1391 601 1452 vel
618 1391 752 1452 adversas
771 1388 943 1452 civitatibus
961 1389 1147 1476 urbibusque
1163 1389 1294 1452 accidere

312 1495 463 1582 videmus..
490 1495 607 1574 Quibus
626 1498 663 1558 de
683 1499 779 1558 causis
800 1497 904 1560 Graeci
924 1509 955 1559 et
974 1497 1105 1559 Romani
1126 1509 1156 1558 et
1170 1497 1295 1558 Orientis

314 1604 418 1689 populi
432 1605 505 1666 teies
517 1605 644 1678 suerint,
658 1604 761 1689 quales
773 1627 812 1667 ex
827 1603 952 1666 historia
966 1605 1188 1688 cognoscimus,
1207 1603 1296 1688 plane

315 1712 498 1793 ignoramus,
518 1713 579 1774 nisi
601 1713 635 1772 in
653 1709 810 1795 publicam
831 1723 861 1772 et
879 1712 1028 1796 privatam
1048 1709 1198 1772 educandi
1213 1710 1295 1770 disci·

315 1817 433 1901 plinarn
454 1820 654 1902 inquiramus.
683 1821 741 1895 Qui
763 1817 800 1880 fit
820 1831 854 1879 ut
878 1819 977 1881 medio
996 1839 1068 1879 acro
1084 1815 1253 1878 barbariem
1269 1827 1297 1876 et

316 1925 522 2007 ignorantiam
545 1927 599 2008 'per
623 1923 759 2007 singulos
778 1924 913 2008 Europae
930 1923 1059 2008 populos
1076 1923 1297 1984 disseminmm

317 2031 488 2092 videamus?
530 2030 586 2092 sed
605 2031 681 2114 qnid
699 2041 834 2114 tempora
852 2030 1024 2114 longinqua
1044 2028 1199 2090 memoro?
1241 2029 1298 2090 ttae

317 2138 382 2220 ipsa
408 2157 469 2219 qua
497 2137 625 2196 riiimus
651 2145 760 2206 acute,
788 2157 891 2196 nonne
917 2134 980 2196 tura
1005 2137 1143 2218 gentium
1166 2135 1297 2219 Europae

314 2263 352 2303 ex
373 2244 574 2304 institutionis
602 2242 693 2302 modo
723 2243 784 2302 sivo
804 2243 853 2304 sia
868 2241 996 2326 pendere
1016 2240 1298 2302 animadvertimus?

315 2349 422 2423 Quales
445 2348 517 2408 illae
536 2349 675 2410 nan'ones
699 2347 831 2410 futurae.
847 2349 922 2428 sint,
946 2369 1028 2433 *quae
1052 2349 1106 2410 rix
1133 2369 1149 2408 e
1174 2345 1298 2408 tenebris

315 2473 460 2537 emergere
476 2454 644 2538 incipiunt,
660 2454 727 2537 jam
746 2477 832 2516 nunc
851 2457 1023 2538 conjectura
1042 2453 1158 2538 assequi
1176 2453 1260 2530 licet,
1276 2453 1298 2512 si

316 2557 488 2621 scholarum
511 2568 622 2620 statum
649 2569 679 2620 et
705 2559 855 2622 educandi
877 2559 1003 2622 modurn
1023 2559 1070 2624 tel
1085 2559 1191 2622 leviter
1208 2559 1301 2621 consi-

317 2667 464 2730 deramus.
714 2673 717 2678 '

358 2773 397 2834 Ut
424 2774 518 2857 igitur
535 2776 673 2836 omnium
688 2777 809 2836 interest
830 2779 976 2836 historiam
993 2775 1087 2860 probe
1104 2788 1202 2838 tenere
1220 2776 1301 2836 sese

319 2887 425 2958 tarum,
453 2877 492 2941 ab
512 2883 596 2952 omni
621 2893 720 2966 parte,
743 2893 895 2966 qnantum
916 2881 980 2945 fieri
1000 2883 1106 2966 possit,
1126 2881 1302 2965 perfectu.

319 2988 362 3047 sic
388 2987 426 3048 iis
453 2989 625 3071 praesertim
648 2989 812 3050 necessaria
845 2988 983 3072 putanda
1011 2999 1072 3066 est,
1104 2985 1216 3071 quibus
1233 2985 1303 3047 haec

319 3113 364 3154 rcs
390 3095 527 3156 ,maxime
555 3093 638 3154 cordi
663 3105 721 3172 cst,
748 3095 918 3155 Doctorr‘bnr
937 3093 1006 3155 dico
1023 3105 1054 3154 ct
1072 3093 1303 3174 Legistatcrtbas.

321 3199 350 3260 Si
377 3201 458 3260 enim
482 3205 580 3260 docere
600 3202 681 3262 inter
707 3205 783 3262 artes
811 3200 994 3262 censendum
1023 3211 1081 3273 est,
1108 3201 1185 3284 quid
1212 3199 1304 3282 mugit

321 3305 503 3368 lioccntibus
517 3307 656 3394 expedit,
670 3329 763 3393 quam
779 3308 853 3369 scire
870 3329 931 3391 quc
946 3307 1036 3369 modo
1050 3307 1105 3370 alii
1118 3305 1201 3369 banc
1215 3319 1304 3369 artem

321 3413 532 3476 exercuerint?
566 3413 597 3475 Si
616 3417 671 3498 qui
689 3414 793 3487 docet,
812 3416 1004 3477 continenter
1019 3427 1050 3476 ct
1064 3414 1204 3500 qnotidie
1224 3435 1305 3474 suam

323 3517 498 3579 methodum
522 3518 651 3581 docendi
678 3519 836 3583 emendare
860 3532 891 3583 et
916 3519 1056 3606 perficere
1071 3519 1185 3592 studet,
1205 3537 1305 3580 nonne

323 3624 520 3685 neoessarium
548 3627 575 3686 ci
602 3637 645 3686 est
664 3626 739 3687 scire
756 3627 1025 3710 quidninrenerint
1042 3625 1111 3698 atii,
1134 3623 1212 3710 quid
1228 3643 1306 3707 prae·

323 3733 471 3814 ceperint,
494 3731 570 3816 quid
594 3753 651 3794 usu
671 3732 765 3794 docti.
779 3733 992 3817 probaverint?
1032 3735 1114 3810 Quin
1142 3733 1248 3802 etiam,
1273 3739 1307 3790 ut

198 3925 203 3936 1
247 3889 250 3894 .
324 3837 441 3900 iaciunt
465 3837 565 3900 alisna
586 3841 722 3925 pericula
742 3852 881 3914 cautum,
901 3843 945 3904 ita
962 3842 1035 3904 vitia
1055 3839 1181 3902 illorum
1198 3856 1306 3921 cogno-

325 3945 399 4006 visse
427 3943 507 4008 idern
534 3967 587 4008 sur
614 3949 746 4010 maxime
771 3949 909 4010 interesse
933 3951 1030 4033 putet
1081 3947 1120 4008 In
1143 3947 1305 4008 &uum

326 4049 420 4132 igitur
446 4053 591 4112 historiam
625 4053 787 4137 diligenter
816 4055 989 4138 inquirens,
1026 4073 1128 4116 causas
1159 4051 1304 4118 inveniet,
