2862 4894
755 327 798 391 20

1133 427 1152 476 s

282 515 473 586 crebuerunt
507 510 517 552 ¹
549 511 635 578 illius
671 509 784 578 nefarii
818 509 1001 601 gladiatoris
1041 532 1146 588 rocas,
1193 535 1270 602 quas

281 629 427 698 babuisse
449 627 479 692 in
505 627 659 694 concione
681 625 852 692 domestica
876 623 1058 705 dicebatur,
1091 647 1188 715 qnnm
1208 632 1270 690 mi-

282 765 434 810 aerorum
454 741 596 830 fidelem
620 739 826 828 defensorem
854 751 992 828 negasset
1023 743 1174 804 a'uoem‘aa'
1189 763 1271 830 pos·

283 880 339 938 se,
362 859 436 922 nisi
474 877 566 939 eum,
604 857 665 942 qui
689 857 764 943 ipse
794 857 899 918 miser
932 862 1039 918 esset:
1065 858 1271 941 a'nteqrorum

283 981 315 1036 et
350 969 618 1056 fortunatorum
649 970 838 1056 promissis
877 969 1015 1032 saucios
1056 976 1088 1031 et
1129 971 1271 1031 miseros

283 1084 421 1151 eredere
452 1107 518 1147 non
555 1091 733 1171 oportere:
767 1103 873 1170 quere
905 1085 968 1170 qui
994 1091 1189 1170 consumpta
1219 1104 1272 1146 re-

276 1201 397 1290 plere,
420 1207 538 1284 erepta
564 1218 769 1287 recuperare
788 1197 924 1274 vellent,
950 1204 1158 1284 spectarent,
1187 1194 1273 1283 quid

284 1317 360 1402 ipse
382 1312 528 1391 deberet,
555 1311 642 1400 quid
658 1312 875 1402 possideret,
902 1312 990 1398 quid
1009 1311 1170 1377 auderet:
1198 1313 1269 1373 mi-

281 1429 370 1492 nime
405 1426 581 1505 timidum,
611 1434 643 1490 et
666 1425 769 1491 valde
797 1429 1033 1492 calamitosum
1068 1447 1143 1490 esse
1170 1447 1271 1514 opor-

281 1549 353 1606 tere
372 1562 462 1621 eum,
494 1545 555 1630 qui
581 1549 667 1606 csse!
679 1539 825 1629 ficturus
851 1541 924 1607 deae
951 1549 983 1604 el
1002 1541 1156 1630 signifer
1174 1541 1270 1606 cala·

282 1661 493 1724 milosorum.

325 1885 414 1954 xlv.
440 1889 493 1954 tt.
518 1885 620 1954 lloc²
647 1898 807 1978 tempore,
837 1908 937 1975 quum
962 1883 1085 1951 arderet
1119 1882 1271 1948 acerrime

280 1999 477 2079 coniuratio,
502 2023 600 2092 quana
632 1999 769 2068 Catilina
790 1997 994 2089 egrederetur
1018 1997 1057 2063 ad
1080 1997 1270 2074 exercitum,

279 2113 430 2180 Lentulus
470 2114 502 2180 iu
537 2114 625 2182 Urbe
658 2115 907 2204 relinqueretur,
943 2111 1065 2178 Cassius
1097 2109 1269 2188 incendiis,

281 2225 437 2316 Cethegus
454 2227 546 2296 caedi
563 2241 832 2320 praeponeretur,
853 2227 1029 2308 Autronio,
1050 2239 1087 2294 ut
1103 2236 1272 2315 occuparet

279 2342 457 2421 Etruriam,
480 2343 768 2434 praescriberetur,
792 2363 890 2432 quum
913 2341 1019 2407 omnin
1038 2339 1269 2418 ordinarentur,

281 2455 534 2536 instituerentur,
557 2469 762 2547 pararentur:
799 2479 900 2546 quum
918 2454 932 2493 ⁸
949 2455 1154 2521 distribueret
1177 2451 1271 2520 (lati-

280 2571 345 2636 lina
365 2583 468 2660 partes
495 2569 617 2638 ltaliae:
640 2582 814 2650 statueret,
848 2591 912 2660 quo
934 2590 1092 2659 quemque
1111 2567 1271 2658 proficisci

280 2684 437 2774 placeret:
467 2685 638 2774 deligeret,
679 2707 758 2775 quos
797 2684 917 2750 Romae
947 2683 1154 2774 relinqueret,
1193 2705 1271 2771 quos

280 2821 386 2864 secum
413 2797 582 2866 educaret:
608 2798 807 2866 describeret
824 2799 922 2866 Urbis
933 2813 1037 2890 partes
1051 2797 1089 2864 ad
1107 2797 1271 2864 incendia:

281 2914 498 2993 confirmaret,
540 2937 573 2980 se
612 2913 716 3004 ipsum
747 2913 808 2980 iam
835 2936 900 2980 esse
926 2915 1100 2983 eritnrume
1132 2913 1270 2991 diceret,

280 3027 455 3118 paullulum
479 3028 539 3094 sibi
559 3050 624 3096 esse
640 3029 736 3094 etiam
758 3041 825 3094 tum
848 3052 974 3108 murae,
1000 3028 1085 3118 quod
1109 3050 1164 3116 ego
1184 3028 1270 3092 rire-

281 3163 368 3207 rem:
394 3145 511 3232 reperti
535 3156 607 3211 sunt
626 3143 690 3209 dno
711 3144 835 3233 equites
848 3143 1000 3224 llomani,
1026 3143 1082 3233 qui
1105 3142 1194 3207 illum
1211 3141 1270 3206 ista

281 3279 356 3322 cura
374 3256 555 3339 liberarent,
570 3270 602 3324 et
622 3280 690 3325 sese
703 3257 756 3323 illa
773 3259 841 3348 ipsa
857 3271 950 3324 nocte
963 3257 1068 3348 paullo
1078 3269 1149 3322 ante
1163 3255 1268 3320 lucem

280 3393 332 3438 me
350 3372 383 3437 in
403 3395 474 3439 meo
498 3371 616 3439 lectulo
642 3373 867 3439 interfecturos
886 3371 1124 3461 pollicerentur.
1157 3365 1270 3434 Tum*

282 3483 465 3568 Cornelius,
498 3485 529 3552 id
567 3484 652 3577 quod
678 3485 804 3552 tandem
828 3485 1001 3575 aliquando
1022 3483 1179 3551 consessus
1201 3493 1267 3561 est,

280 3597 366 3662 illam
388 3597 448 3663 sibi
464 3601 636 3666 olliciosaru
650 3600 850 3690 provinciam
864 3599 1066 3689 depoposcit,
1094 3610 1147 3680 ut,
1169 3619 1267 3687 quum

279 3711 380 3800 prima
411 3712 484 3780 lnce
514 3715 674 3782 consulam
699 3716 869 3782 salutatum
896 3714 1039 3798 reniret,
1074 3712 1268 3779 intromissus

278 3877 434 3893 *uu—n*

314 3972 395 4039 ¹tnro
418 3975 512 4026 dorm
536 3973 1062 4044 e26.§50.-²)psosnttae.19.t
1085 3972 1265 4040 53.-³)ta

278 4067 367 4120 Cutilia.
386 4070 404 4120 1.
423 4085 444 4120 e.
463 4071 488 4119 l.
507 4068 561 4135 §9.
580 4097 612 4109 -
630 4069 654 4136 ⁴)
672 4085 713 4132 pan
732 4067 797 4119 Sulla
811 4085 833 4123 c.
850 4067 890 4122 18.
908 4071 922 4136 d
938 4067 984 4121 52.
