2994 4900
676 385 771 456 17⁴

206 573 336 667 Fragm.
358 595 393 662 p.
415 569 514 661 1238)
538 573 739 640 Metioehum
759 574 858 640 discas
878 575 934 654 τάς
946 575 1036 654 o'dodc
1048 579 1190 645 ἐποπτᾶν.

206 688 253 754 At
282 703 394 754 contra
415 685 599 773 ’Aorcvo'uor
628 685 738 754 locum
764 711 860 754 suum
885 689 919 754 in
942 690 1080 778 epitome
1101 689 1193 759 haud

205 801 291 868 male
313 791 465 883 tuentur,
496 802 602 866 statim
630 817 702 891 post
729 799 936 894 Areopagitas
948 851 957 882 ,
984 805 1090 868 statim
1117 805 1218 870 aute'

205 913 277 994 'rode
295 907 426 982 “neae
455 911 610 980 collocati.
656 911 854 1003 Supremum
878 917 965 981 enim
985 915 1190 983 moderamen

205 1051 337 1094 morum
351 1053 388 1094 ac
408 1026 525 1094 tutelae
544 1026 693 1118 publicae
712 1045 749 1094 ut
767 1044 834 1095 erat
849 1027 1020 1122 Areopagi,
1036 1031 1080 1094 ite
1092 1017 1190 1094 liuius

205 1141 332 1236 collegii
353 1139 537 1233 amplissimi
550 1144 701 1210 mandata
716 1143 924 1234 perficIebaut
942 1144 1118 1212 earumdem
1139 1163 1191 1210 re·

206 1283 283 1326 rum
313 1257 483 1326 Curatores
512 1247 712 1344 ’Ascordum
745 1257 909 1350 aquibus
931 1251 1041 1326 rursus
1060 1275 1191 1348 propter

205 1395 382 1440 munerum
400 1374 622 1467 cognationem
641 1371 790 1438 sacillm
807 1374 960 1438 transitur
981 1373 1022 1438 ad
1041 1366 1192 1453 rodc‘llr·

204 1489 296 1568 dem,
327 1485 449 1576 quippo
468 1486 527 1575 qui
554 1500 586 1550 et
609 1486 668 1574 ipsi
692 1486 850 1550 securitati
871 1481 1020 1574 publicae
1042 1482 1190 1576 invigila-

205 1613 295 1681 rent,
320 1621 389 1664 non
410 1599 445 1664 in
467 1621 579 1664 omnes
603 1597 737 1690 quidem
761 1599 862 1678 cives,
885 1597 942 1663 sed
966 1597 1001 1662 in
1024 1599 1136 1663 noxios
1159 1613 1191 1664 et

204 1733 275 1778 neos
298 1711 512 1801 providentes.
558 1706 609 1776 CI.
632 1709 804 1778 Schubert.
826 1731 860 1800 p.
884 1709 929 1776 931
950 1731 1021 1800 sqq.

250 1823 358 1891 Restat
384 1841 423 1892 ut
446 1826 485 1891 de
507 1826 678 1915 scriptione
701 1823 870 1916 fragmenti
891 1819 1005 1889 dicam.
1047 1817 1189 1914 Vulgata

181 1983 185 1990 -
203 1938 441 2021 edmondensium
459 1937 555 2018 αὐτᾶς
575 1936 672 2002 Corai'
688 1939 732 2004 ita
749 1935 921 2028 displicuit,
934 1951 973 2002 ut
987 1933 1082 2000 scribi
1094 1933 1188 2000 iubs-

203 2066 254 2116 ret
272 2055 505 2139 ἓνοικοδομῶσιν
523 2053 648 2135 edroi&
672 2067 705 2117 at
723 2052 807 2119 stetit
826 2049 882 2116 illa
907 2044 1187 2128 Schneidewiuus,

203 2165 258 2228 eui
274 2164 468 2232 sanefavent
479 2166 611 2232 codices.
633 2167 760 2232 Tamen
772 2164 881 2230 Corsis
892 2161 1072 2230 emendatio
1083 2157 1189 2252 quum

202 2277 309 2364 primo
338 2279 410 2368 iam·
426 2277 544 2346 obtutu
569 2275 709 2370 placeat,
733 2295 805 2344 tum
833 2275 1077 2344 commendatur
1098 2277 1188 2365 (nam
1299 2281 1305 2292 '

205 2390 241 2455 in
270 2388 389 2458 talibus
409 2392 581 2485 confugere
605 2393 646 2458 ad
670 2389 784 2458 similia
809 2393 943 2458 omnino
967 2388 1054 2478 licet)
1077 2388 1189 2456 tabula

202 2485 606 2597 Heracleensiumsquam
628 2509 747 2598 recepit
773 2509 808 2572 iu
839 2508 1003 2572 Delectant
1025 2505 1188 2594 Inscrr'ptt.

202 2615 322 2684 Zellius
344 2641 377 2708 p.
400 2619 477 2686 969.
515 2619 676 2687 Iubentur
701 2611 762 2688 hac
786 2617 857 2712 lege
879 2617 1008 2686 Aediles
1029 2620 1091 2684 iive
1116 2643 1187 2684 ma-

202 2733 366 2822 gistratus,
387 2735 446 2824 qui
468 2735 526 2800 viis
544 2731 687 2826 locisque
706 2733 845 2825 puhlicis
865 2731 955 2800 urhis
975 2730 1095 2797 Romae
1109 2753 1187 2820 pro·

127 2885 134 2905 .
201 2847 317 2934 piusre
346 2845 463 2916 urbem
487 2847 625 2916 Romam
647 2873 758 2939 passus
782 2846 871 2914 mille
893 2845 1069 2940 purgandis
1092 2868 1187 2935 prae-

202 2975 316 3040 erunt,
347 2983 477 3042 curare,
508 2969 570 3026 “ne
598 2971 668 3052 quis
690 2971 725 3027 in
747 2971 789 3028 its
811 2963 890 3028 locis
912 2963 986 3028 inve
1010 2957 1187 3049 porticibus

201 3073 281 3161 qur'd
293 3073 529 3162 inaedrficatum
543 3073 777 3142 immolitumve
790 3077 915 3158 habeto,
929 3115 968 3125 -
981 3097 1063 3142 neve
1074 3097 1188 3141 eorum

201 3186 294 3274 quod
315 3203 442 3277 septum
459 3186 644 3256 clausumve
663 3189 799 3270 habeto,
822 3213 890 3280 quo
912 3191 1021 3256 minus
1044 3191 1088 3256 eis
1109 3187 1187 3254 locis

178 3313 186 3330 ·
200 3297 444 3392 porticibusque
460 3299 602 3393 populus
615 3319 726 3369 utatur
738 3302 940 3393 pateantre.''
972 3304 1076 3395 Magis
1090 3291 1186 3368 atiani

201 3435 262 3498 pro
291 3411 394 3479 Corae·
413 3439 558 3506 pugnare
582 3415 710 3483 videtur
728 3415 945 3509 fragmentum
973 3439 1024 3512 ex·
1037 3416 1187 3486 Ἀστυνο-

199 3531 282 3619 μικῷ
302 3525 490 3616 Papiniani,
514 3545 675 3596 servatum
698 3531 732 3594 in
749 3529 822 3622 Dig.
843 3529 967 3596 XLIII.
988 3529 1041 3595 10.
1064 3527 1102 3592 L.
1126 3549 1184 3592 un.

55 3711 62 3733 ,
201 3635 273 3725 §2
301 3635 479 3728 “(Aediles)
501 3658 629 3724 camut,
658 3657 693 3708 ut
714 3641 819 3708 nullus
841 3639 969 3708 effodiat
989 3642 1055 3708 vias
1078 3661 1186 3730 neque

202 3748 356 3834 subruat,
378 3775 486 3844 neque
509 3769 675 3820 construat
695 3764 728 3820 iu
751 3763 810 3821 vr'r's
827 3751 984 3844 aliquid.”
1009 3752 1072 3820 Sed
1092 3777 1186 3843 prae-

201 3879 262 3928 stat
282 3861 393 3932 afferre
408 3845 544 3934 Graece:
586 3867 865 3953 Ἐπψελείσθωσαν
894 3869 947 3949 δὲ,
973 3860 1056 3947 ὅπως
1080 3871 1187 3957 μηδεὶς

200 3973 318 4067 ὄριΐσσῃ
337 3977 393 4056 τᾶς
411 3979 519 4060 ὅδοιῖς,
538 3979 620 4067 μηδὲ
638 3975 783 4071 χωὺνόῃ,
802 3979 883 4066 μηδὲ
906 3978 1016 4071 κτίσῃ
1043 3981 1097 4058 εἰς
1121 3977 1186 4060 τᾶς

200 4086 318 4180 ddorir
341 4089 474 4180 μηδὲν.
513 4091 671 4160 Maiorem
685 4093 720 4160 in
734 4091 784 4158 his
799 4093 899 4160 inesse
913 4091 979 4160 vim
994 4095 1185 4182 putaverim,

1033 4208 1053 4269 9
