2862 4894
623 341 646 401 9

169 522 354 592 erdemnnuo
374 522 466 611 longo
487 520 651 590 intervallo
670 524 717 590 rei
735 521 883 613 publioue
899 523 1041 590 restituto
1062 546 1127 592 esse

169 639 309 708 rideretur
323 662 429 728 —epo
448 637 458 677 ¹
478 650 619 708 senatum
627 651 660 705 et
673 637 771 706 bonos
782 661 898 717 omnes,
908 637 982 727 legis
990 641 1127 728 agrariae

166 753 414 845 maximorumque
433 753 635 842 largitionum
659 766 747 820 motu
763 753 908 820 liberavi..
935 754 1003 843 ligo
1018 777 1127 844 agrurn

169 865 365 959 Campanum,
402 869 428 934 si
460 867 559 936 dividi
590 891 653 936 non
685 870 846 960 oportuit,
879 870 1079 938 conservavi:
1102 870 1128 936 si

169 983 312 1071 oportuit,
335 981 518 1050 melioribus
540 981 720 1050 auctoribus
736 981 902 1050 reservari.
948 979 1028 1050 Num
1045 983 1058 1022 ²
1078 984 1128 1078 ier

167 1095 272 1183 spretis
293 1109 356 1166 totu
378 1119 396 1168 o
418 1117 469 1164 me
492 1097 681 1190 reprehensa
702 1109 734 1164 et
756 1097 880 1164 abieoto
900 1108 959 1164 est.

202 1323 237 1390 V.
261 1328 314 1392 16.
348 1322 471 1393 Nono⁸
497 1325 654 1417 reliquum
680 1326 876 1394 consulatum
903 1349 1008 1392 meum
1036 1351 1131 1418 erpo·

166 1461 238 1508 utro.
279 1437 358 1507 Sunt
375 1441 390 1482 ⁴
417 1452 522 1508 eutem
542 1442 694 1508 marinas
713 1465 762 1508 res
784 1441 817 1508 in
839 1439 899 1508 heo
918 1442 1067 1508 memorie
1083 1457 1131 1510 ut·

168 1575 216 1642 qne
237 1565 337 1622 aerato
365 1566 481 1624 nostru.
526 1555 650 1622 Pluru⁵
679 1556 773 1622 etiem
804 1555 1007 1632 occiderunt.
1035 1579 1130 1647 quom

167 1665 274 1738 ruem.
316 1665 410 1736 Sed⁰
434 1681 505 1736 sunt
527 1668 605 1736 hren
625 1669 761 1736 leviore:
788 1668 842 1734 itta
866 1691 939 1736 rero
963 1645 1067 1758 piaris
1083 1685 1132 1738 et·

169 1802 214 1868 que
229 1805 351 1872 magne.
400 1786 451 1848 17.
473 1780 674 1872 Nunquem⁷
702 1779 915 1848 uehementius
944 1797 1050 1850 uotum
1085 1797 1132 1852 est

174 1913 240 1978 uum
255 1919 309 1964 me
329 1897 474 1976 consule,
490 1919 529 1964 ne
549 1896 735 1964 solveretur.
771 1896 875 1966 Armis
896 1908 927 1962 et
944 1898 1051 1963 uostris
1067 1909 1131 1964 ten-

178 2019 275 2076 nores
286 2023 336 2078 est
351 2011 391 2078 ab
408 2012 494 2078 omni
510 2031 622 2100 genere
638 2009 802 2076 hominurn
820 2023 853 2077 et
869 2009 988 2077 ordine.
1012 2012 1132 2098 Quibus

171 2120 202 2186 iu
216 2125 335 2204 restiti,
360 2137 395 2192 ut
417 2125 480 2192 hoo
503 2138 626 2194 tontum
645 2125 823 2222 mulumlde
842 2125 1021 2216 republica
1043 2126 1134 2192 tollo·

168 2248 250 2306 retur:
274 2259 339 2308 noo
369 2239 454 2307 enim
478 2240 540 2308 ulto
561 2263 609 2308 res
637 2239 850 2308 uehementius
876 2263 943 2306 rem
971 2239 1132 2329 publicam

168 2353 305 2437 eontinet,
328 2377 423 2444 quom
443 2353 538 2423 fides:
558 2376 640 2445 quoe
661 2377 727 2424 esse
751 2355 837 2422 nullo
857 2367 971 2445 potest,
993 2357 1053 2420 nisi
1073 2357 1134 2422 erit

165 2469 322 2536 rosseria
345 2469 460 2534 solutio
488 2490 594 2535 rernm
622 2467 825 2537 crediturum.
879 2466 1047 2557 Nunquam
1075 2491 1134 2534 neo

166 2580 250 2648 nous
265 2603 320 2648 nes
340 2582 477 2650 alienum
501 2583 582 2663 fuit,
606 2605 665 2650 neo
685 2583 796 2650 melius
819 2603 878 2648 neo
897 2581 1022 2646 facilius
1038 2580 1135 2647 disso-

166 2689 252 2762 lutum
276 2708 341 2767 est:
368 2695 535 2764 fraudandi
557 2697 641 2768 enim
660 2719 713 2786 spe
733 2696 856 2764 subluto
873 2693 1013 2760 solvendi
1028 2715 1135 2762 neces·

165 2807 225 2874 ritus
243 2821 411 2878 consecute
428 2822 486 2880 est.
520 2814 572 2878 18.
583 2807 742 2878 'terunt
764 2809 860 2876 etiarn
876 2820 922 2876 est
943 2807 981 2874 de
994 2821 1135 2877 senatore

166 2917 286 3020 lepeurlo
308 2926 375 2992 sine
395 2926 629 3015 procuratione.
677 2923 767 3010 Quod
786 2923 799 2962 ⁰
823 2921 951 3012 quidem
972 2945 1067 3012 genus
1089 2923 1136 2990 le-

166 3039 285 3122 prtionis
301 3064 359 3129 ego
378 3039 500 3121 consul,
523 3061 714 3130 quamquam
735 3037 774 3106 od
798 3036 997 3104 commodum
1013 3047 1137 3104 senatus

167 3154 314 3236 pertinere
333 3152 509 3231 ridebatur,
528 3167 632 3220 temen
651 3152 847 3242 approbante
865 3164 973 3218 senatu
990 3151 1137 3240 frequen·

166 3263 286 3350 tissimo,
302 3267 360 3332 nisi
375 3266 456 3332 mihi
467 3267 544 3334 lenis
554 3259 700 3334 tribunus
711 3263 808 3354 plebis
822 3277 888 3332 turn
901 3265 1135 3349 intercessisset,

164 3380 357 3450 sustulissem.
403 3381 504 3448 Minui
522 3394 626 3448 tumen
650 3393 795 3469 tompus,
819 3391 867 3463 et,
890 3378 974 3470 quod
998 3391 1065 3446 erat
1088 3381 1137 3445 in·

165 3490 301 3580 initum„
322 3519 461 3564 ennuurn
485 3497 560 3564 [eoi.
609 3495 657 3562 lto
679 3493 843 3584 turpitudo
865 3505 986 3576 monet,
1010 3492 1137 3560 diutur-

166 3605 256 3676 nitate
278 3610 412 3678 subluto.
460 3611 527 3678 lum
549 3608 626 3676 illud
648 3621 794 3700 opertum
814 3620 859 3674 est
880 3607 1037 3697 profecto,
1057 3606 1138 3674 nihil

197 3807 219 3871 ¹)
235 3807 260 3859 in
273 3811 351 3860 Pison.
368 3827 382 3860 e
405 3809 433 3864 2.
447 3813 460 3878 §
475 3813 499 3862 t.
519 3840 551 3850 —
566 3811 590 3876 ²)
609 3829 649 3874 pro
668 3809 732 3860 sntn
747 3825 768 3860 o.
781 3805 824 3857 23.
838 3807 851 3874 §
868 3805 910 3858 65.
927 3833 959 3844 -
974 3805 1000 3874 ³)
1015 3806 1039 3854 in
1053 3805 1133 3856 Piron.

169 3915 187 3950 e.
199 3899 221 3951 3.
237 3904 283 3969 §2
299 3933 332 3942 -
349 3905 373 3969 ἃ)
389 3905 416 3953 de
431 3907 508 3970 legib.
527 3907 546 3957 1.
561 3923 582 3956 o.
600 3903 624 3955 3.
637 3906 650 3972 ᾗ
662 3903 687 3954 8.
705 3932 737 3942 —-
756 3903 780 3968 ⁵)
796 3902 820 3950 in
837 3901 912 3952 Piron.
930 3917 950 3951 o.
963 3899 1005 3951 20.
1020 3901 1033 3966 §
1048 3899 1090 3950 46.
1103 3929 1138 3939 -

170 3993 190 4054 ⁸)
205 4013 244 4058 pto
260 3997 353 4048 russis
364 4013 384 4048 o.
401 3997 470 4066 35.§
488 3997 531 4050 86.
556 4027 588 4037 —-
611 3999 635 4064 ⁷)
649 4000 678 4048 de
693 3998 754 4048 offis.
775 3997 807 4046 ΙΙ.
826 4013 847 4046 o.
864 3994 906 4045 24.
922 3995 935 4061 p
949 3992 991 4045 84.
1012 4019 1046 4031 —
1073 3993 1097 4054 ⁸)
1110 3993 1139 4041 (ie

171 4085 265 4141 bonine.
279 4090 368 4140 oonsul.
384 4108 404 4140 n.
420 4091 461 4140 ll.
473 4092 487 4159 §
501 4090 542 4145 28.
560 4121 591 4132 —
607 4092 630 4160 θ)
646 4093 675 4142 de
690 4093 767 4157 legib.
785 4094 828 4144 111.
843 4109 863 4142 o.
879 4089 903 4143 8.
920 4087 987 4156 §18
