2862 4894
736 335 778 397 to

263 543 326 589 non
346 515 441 588 modo
459 517 611 610 praetoris
631 518 702 599 ius,
727 539 835 584 rerum
861 517 955 582 etiam
979 516 1055 581 ciris
1077 515 1245 594 omiserat,

264 651 368 704 tamen
384 635 615 725 magistratusue
633 629 807 700 abdicarit:
830 643 866 698 ut
875 679 886 720 ,
906 653 986 722 qnae
1005 630 1115 720 religio
1131 629 1168 698 0.
1180 629 1248 697 lla·

263 754 333 834 rio,
359 748 529 816 clarissimo
552 748 640 829 siro,
664 769 727 813 non
751 746 875 827 luerat,
900 767 963 835 quc
982 745 1135 814 miuusG.
1153 745 1247 813 Glan-

265 867 367 948 ciam,
400 864 440 932 de
460 885 524 954 quo
549 861 627 930 nihil
650 861 836 928 nominatim
857 873 923 927 erat
950 859 1128 942 decretum,
1155 881 1249 948 pree-

265 991 365 1046 torem
392 977 572 1061 occideret,
598 999 633 1044 ea
656 998 712 1041 nos
730 974 879 1064 religione
903 975 933 1040 in
963 976 1088 1064 privato
1104 973 1138 1041 P.
1165 972 1250 1039 Len·

267 1093 334 1160 tulo
357 1091 517 1183 puniendo
540 1087 758 1159 liberaremur.

313 1320 428 1388 xxvi.
454 1325 510 1388 99.
544 1320 625 1387 Tum
651 1321 662 1359 ¹
687 1341 745 1409 ego
776 1319 898 1386 institui
931 1321 1049 1386 referre
1078 1318 1116 1384 ad
1145 1318 1254 1384 Patres

270 1433 493 1526 Conscriptos,
527 1446 686 1525 tamquam
709 1435 883 1523 integrum,
918 1433 1012 1499 etde
1038 1433 1145 1513 facto,
1175 1431 1253 1521 quid

271 1548 467 1636 iudicarent,
485 1549 569 1616 etde
582 1572 703 1640 poena,
722 1547 799 1638 quid
821 1561 995 1614 censerent.
1022 1549 1134 1614 lluaer
1151 1547 1255 1612 dictae

271 1677 344 1730 sunt
374 1666 567 1732 sententiaer
607 1687 667 1730 una
696 1665 733 1730 l).
757 1663 878 1746 Silani,
910 1665 965 1752 qui
990 1663 1157 1742 «tenebat,
1179 1683 1251 1742 eos,

273 1780 329 1867 qui
356 1777 434 1846 haec
454 1777 559 1872 delere
590 1779 694 1845 conati
717 1791 822 1857 erant,
844 1790 947 1844 morte
972 1801 1037 1846 esse
1060 1775 1257 1844 multandos:

274 1893 370 1959 altera
388 1890 426 1958 0.
448 1892 602 1975 Caesaris,
628 1894 684 1979 qui
702 1894 811 1959 mortis
832 1915 966 1982 poenam
985 1891 1183 1970 removebat,
1207 1911 1257 1957 ce·

274 2019 414 2074 terorurn
427 2006 654 2097 suppliciorum
675 2029 782 2073 omnes
796 2007 985 2074 acerbitates
997 2005 1257 2097 amplectebatur.
1289 2059 1294 2071 .

276 2121 419 2210 Uterque
435 2133 467 2186 et
489 2143 619 2210 proauo
635 2122 787 2210 dignitate
798 2135 831 2189 et
846 2143 904 2212 pro
920 2145 1026 2189 rerum
1044 2121 1260 2211 magnitudine

277 2233 310 2298 in
330 2255 451 2300 summa
468 2235 632 2302 severitate
653 2235 845 2305 vorsabatur.
894 2238 970 2302 100.
997 2236 1086 2302 Alter
1106 2257 1181 2316 eos,
1205 2235 1261 2323 qui

278 2369 335 2414 nos
357 2369 478 2430 omnes,
511 2350 567 2439 qui
599 2349 752 2440 populum
775 2351 951 2418 Romanum
975 2350 1038 2416 rita
1060 2351 1185 2440 privare
1201 2369 1261 2412 eo-

278 2462 344 2526 nati
375 2473 464 2542 sunt,
487 2463 544 2552 qui
567 2462 671 2531 delere
691 2465 881 2555 imperinm,
910 2465 966 2554 qui
992 2464 1104 2555 populi
1129 2461 1263 2529 Romani

279 2598 394 2642 nomen
406 2577 622 2667 exstinguere,
647 2591 803 2668 punctum
819 2579 970 2669 temporis
982 2580 1046 2644 lrui
1065 2579 1127 2645 rita
1150 2589 1183 2643 et
1203 2576 1264 2642 hoc

282 2691 442 2756 communi
461 2691 594 2780 spiritu,
618 2715 681 2760 uon
709 2707 801 2784 potat
826 2707 992 2783 oporteret
1015 2705 1111 2782 atque
1129 2691 1191 2758 boc
1211 2713 1265 2780 ge·

282 2827 341 2872 nus
355 2827 474 2896 poenae
494 2829 585 2897 saepe
604 2809 637 2873 in
655 2809 817 2898 improbos
842 2809 924 2875 eires
946 2810 978 2874 in
998 2807 1059 2876 bac
1082 2829 1115 2874 re
1136 2805 1265 2896 publico

281 2941 346 2986 esse
382 2933 566 3009 usurpatum
605 2923 797 2990 recordatur.
858 2926 932 2992 101.
973 2922 1062 2990 Alter
1094 2920 1265 3009 intelligit,

284 3044 417 3098 mortem
445 3056 463 3099 a
491 3035 550 3102 diis
572 3037 803 3104 immortalibus
823 3059 886 3103 non
912 3059 977 3103 esse
1004 3036 1151 3126 supplicii
1177 3055 1267 3100 causa

286 3145 508 3225 constitutam,
529 3146 582 3214 sed
604 3163 658 3215 aut
684 3149 899 3217 necessitatem
925 3164 1054 3216 naturae
1066 3197 1076 3230 ,
1102 3161 1156 3214 aut
1178 3147 1268 3213 labo-

285 3279 356 3324 rum
377 3281 415 3324 ac
431 3261 627 3328 miseriarum
647 3265 786 3354 quietem
806 3287 881 3334 esse.
913 3263 1092 3352 blunicipiis
1109 3260 1268 3351 dispertiri

287 3372 388 3440 iubet.
429 3373 583 3466 Adiungit
597 3401 721 3467 gravem
740 3401 871 3469 poenam
890 3379 1130 3468 municipibus,
1156 3378 1182 3441 ai
1202 3375 1272 3464 quis

287 3509 396 3554 eorum
413 3489 538 3557 vincula
555 3494 696 3582 ruperit:
719 3491 885 3561 horribiles
903 3493 1058 3560 custodias
1073 3489 1268 3570 circumdat,

289 3613 322 3668 et
344 3600 437 3693 digne
456 3604 574 3673 scelere
593 3605 757 3674 hominum
778 3608 975 3699 perditorum
999 3607 1117 3690 sancit,
1142 3627 1182 3670 ue
1202 3603 1273 3694 quir

290 3737 399 3782 eorum
424 3741 574 3808 poenam,
607 3745 684 3812 quos
708 3722 914 3803 condemnat,
947 3735 1001 3788 aut
1023 3743 1080 3812 per
1109 3729 1272 3801 senatum,

293 3844 347 3896 out
372 3853 427 3921 per
451 3835 604 3924 populoru
629 3837 731 3904 levare
765 3839 871 3928 possit.
920 3838 1006 3903 Bnna
1035 3849 1194 3928 praeterea
1215 3855 1275 3922 pu·

294 3995 443 4011 Μ

211 4074 213 4080 ’
330 4091 1038 4165 omousi..rr.0.e.ss.-²)rnr.sr.gr.
