2994 4900
688 377 731 440 13

216 573 256 636 tis
276 567 365 636 enim
387 563 506 630 honam
528 559 733 643 nominibus,
763 559 829 659 lpuc
851 557 1010 628 translatis
1036 583 1074 628 er
1100 585 1197 652 supe-

215 680 371 760 rioribus,
403 676 606 768 refutatoque
637 673 861 744 Schcemanno
889 676 1039 768 (Antiqq.
1071 699 1104 764 p.
1133 675 1199 744 300

214 819 251 867 n.
276 793 350 881 tt),
379 792 439 882 qui
467 788 591 880 aliquid
617 787 764 879 praesidii
784 809 896 877 parare
920 785 1107 854 Hemclideo
1127 786 1199 854 lece

216 933 258 978 ex
278 905 438 974 Aeschine
458 901 583 978 studuit
599 901 642 991 (c.
660 899 821 966 Timarch.
836 925 871 990 p.
883 899 959 988 dil),
981 900 1199 969 Schneidewi-

216 1047 282 1090 nus
304 1018 404 1090 verba
425 1015 556 1084 laudata
576 1017 620 1082 sic
645 1015 840 1084 emendavit:
867 1015 890 1104 ἡ
909 1017 943 1095 ἐξ
961 1016 1082 1102 'Apulae
1101 1013 1200 1104 πόμα

215 1133 315 1222 ficeta*
334 1125 434 1202 aaut
452 1129 620 1200 stenaro.
642 1167 683 1180 -
706 1128 765 1194 Eat
785 1127 864 1194 haec
883 1129 1031 1198 editiems
1049 1130 1200 1218 principis

217 1246 323 1326 lectio,
334 1246 482 1336 quinque
494 1241 659 1316 codicibus
668 1240 1202 1334 Schneidewiniconfirmeta,q‘ui·

217 1359 283 1428 bns
312 1375 438 1426 sexum
465 1357 550 1424 addo
575 1356 773 1424 Leidensem.
797 1393 840 1406 —
858 1360 926 1426 mat
946 1362 1009 1426 τῶν
1024 1357 1108 1427 ὁδῶν
1123 1359 1202 1426 ἐπι·

215 1478 424 1562 petasum
445 1474 502 1561 (sic
522 1473 557 1538 in
578 1471 725 1538 Leidensi
746 1485 778 1536 et
800 1467 929 1538 duobus
950 1467 1018 1536 eliis
1038 1469 1202 1536 codicibus

218 1586 406 1676 set'iputm),
433 1593 517 1666 ὅπως
543 1581 591 1674 μή
618 1609 694 1664 τινες
720 1583 956 1668 σ’νουωδομῶσιν
973 1581 1069 1662 adrdc
1086 1581 1109 1672 ἢ
1127 1587 1203 1675 dpe-

219 1696 356 1789 tpdttttuc
374 1699 590 1790 ὑπιρτείνωσιν.
629 1697 722 1765 Haec.
734 1697 848 1788 igitur,
865 1690 977 1762 ut'alia
991 1693 1151 1784 permulta
1168 1697 1202 1761 in

220 1814 358 1902 epitome
386 1809 580 1891 Heraclidis,
616 1808 878 1878 Schneidewinus
907 1808 1086 1876 acutissime
1106 1806 1204 1888 vidit,

222 1947 264 1990 an
285 1947 360 1992 vere
376 1940 460 1992 tecte
480 1921 700 2012 explicaverit,
723 1921 899 1990 admodum
918 1919 1043 1988 dubito.
1081 1918 1204 1988 Curam

220 2039 309 2104 enim
321 2035 419 2106 utam
437 2040 563 2106 viarum
580 2037 744 2104 mandavit
762 2039 949 2118 Ὀδοποιοΐς,
975 2057 1205 2100 commemora-

223 2154 264 2218 tis
284 2151 327 2218 ab
349 2151 508 2220 Aeschine
531 2153 565 2218 in
588 2150 729 2242 Ctesiph.
753 2175 787 2240 p.
809 2151 892 2230 375,
920 2151 946 2214 si
964 2171 1035 2216 non
1054 2147 1204 2214 inductus

224 2263 292 2346 sole¹
315 2267 462 2348 nemine,
490 2283 523 2334 at
546 2265 668 2334 idoneis
697 2281 783 2332 certe
807 2265 1002 2356 argumentis
1026 2261 1205 2340 deetituurs.

223 2378 300 2450 Vid.
316 2377 498 2446 Commeat.
517 2380 552 2446 in
571 2376 697 2446 Heracl.
715 2374 809 2444 Polit.
828 2401 862 2466 p.
877 2377 920 2442 te
936 2397 985 2466 sq.
1017 2375 1206 2442 Indicantm

221 2493 443 2586 magistratus,
482 2516 565 2583 ques
598 2490 807 2576 'Auserem
840 2487 1040 2580 appellavere
1075 2488 1206 2572 Gnaei,

224 2607 349 2696 quique
363 2605 500 2672 Athenis
508 2605 595 2672 ueni
611 2627 749 2672 nannete
764 2604 937 2694 quotannis
953 2619 1036 2670 sorte
1049 2601 1205 2670 creaban-

226 2733 280 2784 tur
300 2717 479 2807 (Demosth.
500 2741 530 2782 c.
547 2718 689 2784 Timocr.
708 2741 741 2806 p.
759 2716 849 2804 735).
895 2716 993 2800 Quod
1011 2713 1207 2806 probaturus

225 2852 294 2896 non
315 2815 488 2920 persequar
510 2829 677 2924 diligenter
690 2827 817 2922 singada
831 2827 951 2896 herum
963 2830 1207 2922 magistratuum

224 2965 380 3024 munera,
402 2943 443 3010 de
470 2942 591 3034 quibus
613 2959 685 3035 pest
706 2943 867 3010 Meierum
892 2942 973 3033 (Att.
995 2944 1087 3010 Proc.
1109 2967 1143 3034 p.
1163 2941 1207 3010 33

223 3057 312 3148 sqq.)
334 3077 422 3124 unus
439 3059 589 3126 amnium
607 3059 728 3148 optime
746 3059 878 3126 meritus
894 3073 941 3124 est
955 3056 1156 3126 Schubertus
1168 3057 1209 3126 de

227 3171 320 3239 Rem.
339 3169 446 3240 Aedil.
465 3195 499 3260 p.
525 3172 563 3238 et
594 3195 682 3262 sqq.;
703 3171 761 3238 sed
782 3193 820 3238 ea
839 3171 1041 3260 potissimum
1061 3187 1208 3264 tangam,

226 3307 313 3374 qum
328 3287 473 3374 proxime
491 3301 635 3374 spectant
656 3283 874 3376 fragmentum
894 3282 1081 3352 Heraclidis.

272 3395 353 3480 Satis
367 3398 466 3490 igitur
478 3413 601 3466 censut
621 3398 839 3482 'Amne
857 3399 915 3489 qui
929 3415 1064 3487 ponunt
1077 3399 1210 3464 omnine

227 3535 344 3604 magna
370 3533 409 3577 ex
436 3527 526 3601 perte
550 3537 627 3578 cum
649 3511 871 3578 Romanorum
888 3509 1056 3578 Aedilibus
1080 3535 1211 3600 compa·

228 3626 310 3706 rari,
334 3649 401 3692 una
430 3649 507 3692 cum
534 3621 752 3728 ’Amandum
777 3623 949 3714 praefinisse
968 3625 1103 3714 pols'u‘atc
1125 3623 1211 3713 inse·

229 3751 318 3825 rtet-1,
332 3767 434 3836 quam
447 3745 542 3812 hodie
559 3761 684 3826 vocant,
693 3762 725 3812 et
738 3745 887 3815 hahuisse
902 3767 1084 3834 supremam
1098 3767 1211 3810 curam

229 3863 357 3930 aedium
384 3889 461 3932 cum
487 3863 693 3956 publicarum
718 3883 790 3934 tum
816 3871 1030 3960 privatarum,
1055 3866 1210 3952 sontium,

229 3983 369 4054 limitum
384 4010 536 4080 agrorum
551 3985 752 4080 alienamque
765 3989 986 4056 huiuscemodi
1001 3987 1120 4058 rerum.
1142 3987 1212 4054 Nec

229 4097 370 4168 dubium
387 4117 434 4166 est
452 4101 553 4191 quain,
576 4125 681 4192 quum
694 4102 760 4168 suis
778 4099 980 4190 'Amadum
999 4103 1101 4170 officia
1117 4125 1213 4192 prae-
