2772 4902
715 305 756 366 70

257 493 334 564 sarii
356 505 443 560 erant
454 492 589 559 instituti
601 469 666 556 sliee
683 489 765 567 testi,
780 501 814 554 ut
832 509 924 554 nemu
937 487 975 552 iis
994 485 1092 576 plane
1102 497 1261 554 careret.

257 609 310 676 Sic
328 631 358 676 e.
378 631 409 698 p.
433 608 586 675 llermnca
603 629 620 671 n
640 607 745 696 pneris
767 617 799 670 et
821 603 986 691 juvenibus
1002 602 1154 666 *maxime
1179 590 1263 689 ag'e-

260 723 373 788 bantur
398 717 429 790 ¹:
467 722 600 786 feminee
622 733 654 786 et
678 719 800 809 pnellne
822 741 875 784 sne
897 715 1055 782 hebebant
1079 716 1194 795 festa,
1222 729 1263 781 ut

258 834 521 925 Thesmophoria,
541 835 731 916 Brauronia,
754 835 831 899 lenta
847 833 879 896 in
904 830 1150 919 (teretiusque
1170 831 1265 897 Bac-

257 949 310 1016 cbi
333 949 487 1039 imprimis
509 947 661 1014 honorem
685 943 710 1011 ².
758 947 826 1012 Nec
853 947 918 1036 ipsr
942 943 1021 1011 aden
1050 946 1145 1011 servi
1171 946 1262 1012 ieeta

257 1062 494 1144 desiderabant,
540 1085 638 1152 quum
670 1059 777 1128 eadem
807 1059 957 1126 llernseea
982 1058 1188 1149 quibusdem
1213 1061 1261 1128 ·in

259 1179 336 1244 lncis
353 1201 427 1246 euru¹
445 1199 575 1244 morem·
590 1177 759 1256 scientem,
779 1176 834 1266 qui
852 1189 957 1265 postes
973 1175 1006 1240 in
1022 1174 1262 1241 Romanorum

261 1292 480 1362 Saturnalibus
504 1291 650 1381 apperuit
666 1284 692 1354 ³.
737 1289 829 1356 Festa
850 1309 946 1378 pesrc
965 1309 1134 1354 serrorum
1154 1286 1263 1356 babe-

260 1407 379 1474 buntur
400 1405 580 1496 Cydoniae,
604 1404 719 1494 quibus
746 1403 828 1470 liber
852 1403 962 1469 urbem
988 1423 1050 1468 nnn
1079 1403 1258 1485 intrabat,

260 1519 315 1586 sed
329 1521 411 1587 serni
433 1521 573 1585 omnium
588 1533 678 1586 erent
699 1518 819 1584 domini
842 1524 898 1586 sul
921 1525 1025 1606 scipsos
1042 1527 1262 1604 μαστιγοῦν·

262 1662 315 1712 τις
327 1639 404 1713 ensis,-
419 1634 614 1721 ἐλευθέρους
629 1627 809 1701 ‘somnium
827 1644 932 1698 eutem
946 1631 1079 1698 maxime
1100 1641 1259 1722 Κρόνια,

262 1747 1260 1836 RomanorumSnturnaliurufundumentumatqueexemplar⁵.

262 1861 350 1929 ldem
374 1862 566 1953 principium
585 1864 618 1928 in
644 1886 682 1930 ec
706 1863 926 1928 dominabatur
949 1883 1054 1941 nante,
1071 1883 1142 1950 quo
1167 1861 1259 1953 apud

264 1975 414 2044 Phliasios
432 1977 467 2042 in
486 1976 613 2044 Heraeis
631 1975 827 2067 supplicibus
849 1975 1003 2064 imprimis
1014 1974 1217 2063 parcebatur
1234 1969 1264 2051 ⁰,

264 2105 296 2159 et
318 2092 434 2181 captiui
451 2113 507 2180 per
525 2113 632 2178 magne
649 2089 866 2158 Panathenaea
884 2101 917 2156 et
932 2087 1080 2177 llinnysis
1096 2088 1258 2155 libertate

265 2203 465 2282 fruebantur,
496 2215 532 2269 ut
554 2205 626 2270 lenti
648 2204 819 2294 participes
847 2225 912 2269 esse
934 2213 1057 2292 possent
1075 2197 1110 2266 ⁷.

269 2394 273 2408 ι
310 2317 397 2384 llaec
420 2339 493 2382 sero
512 2317 703 2384 Graecorum
726 2319 758 2384 in
778 2315 1010 2393 lestislaetitia,
1030 2315 1095 2380 insn
1118 2315 1256 2382 licentis

267 2446 383 2520 quantu
402 2433 516 2508 fucrit,
540 2431 587 2498 sel
611 2431 684 2500 inde
703 2445 807 2523 petet,
833 2428 917 2521 quud
941 2431 973 2494 in
993 2428 1144 2520 pluribus
1160 2429 1253 2498 lestis

268 2546 361 2612 moris
383 2559 468 2627 erat,
496 2547 625 2636 impune
645 2547 706 2614 sibi
737 2547 872 2614 invicem
894 2543 1081 2612 maledicere
1105 2559 1142 2612 et
1157 2546 1252 2633 jocos

271 2738 426 2751 ι--ι-ιι-

303 2861 328 2926 ¹)
345 2859 410 2909 Plato
427 2861 492 2924 Lysia
508 2879 531 2924 p.
550 2857 602 2908 206
620 2861 647 2909 ll.
665 2877 716 2924 sq.;
738 2861 835 2910 Pansam
858 2859 899 2908 tx.
917 2857 960 2908 22.
985 2856 1010 2908 2.
1028 2859 1060 2908 (il.
1079 2858 1252 2918 winemunt,

268 2955 286 3004 ι.
303 2955 322 3004 ι.
340 2955 375 3002 ιι.
391 2971 415 3017 μ.
433 2951 493 3004 570.

303 3045 325 3111 2)
342 3045 419 3097 sehet.
436 3046 465 3094 ad
482 3046 594 3110 Aristnpb.
614 3047 706 3112 Lysistr.
725 3045 738 3096 l
757 3057 780 3098 at
796 3063 857 3111 quae
873 3047 938 3110 plura
954 3046 980 3096 iu
996 3045 1089 3096 nissen
1106 3045 1204 3096 literar.
1222 3043 1251 3092 te

268 3140 409 3190 Feminarum
426 3140 594 3193 Atheniensium
610 3141 739 3192 conditione
756 3139 878 3192 nausees
894 3157 917 3204 p.
934 3138 969 3190 68
985 3157 1036 3204 sqq.
1052 3139 1129 3188 attuli.

304 3232 330 3296 ³)
348 3233 429 3284 ltben.
447 3235 508 3286 xlv.
526 3237 571 3292 sn
597 3235 660 3284 llstn
677 3235 742 3300 Lys'u
759 3251 783 3297 p.
800 3231 852 3284 223
869 3235 894 3286 B.

304 3325 328 3390 Ι)
347 3326 450 3378 linetatb.
467 3327 497 3376 etl
513 3326 591 3392 Odysa.
613 3328 644 3379 Y.
664 3326 714 3377 105
724 3365 732 3388 ,
752 3328 778 3375 V.
798 3330 828 3379 ll.
845 3346 867 3391 p.
884 3325 954 3390 229,
972 3326 996 3378 7.

305 3419 529 3484 ⁵)t’1ussret.eon
548 3437 612 3484 pesse
630 3438 694 3472 suas.
712 3421 758 3468 sisi
775 3439 820 3472 sec.
839 3423 898 3486 Epic
923 3419 968 3477 llis
987 3420 1080 3472 eneae
1095 3419 1209 3470 Saturusl.
1226 3427 1249 3468 et

272 3513 398 3576 nemete
417 3515 517 3564 lleueb.
534 3515 626 3568 Satnrr.
646 3518 664 3566 l.
682 3514 706 3564 7.

306 3604 330 3669 8)
350 3607 445 3658 Pauaen.
462 3611 496 3660 ll.
515 3607 556 3658 13.
573 3607 602 3659 3.

305 3699 328 3762 7)
345 3699 426 3748 Sebcl.
441 3703 555 3752 lienestb.
571 3703 627 3752 eds.
649 3703 748 3751 linces.
768 3721 793 3765 p.
812 3701 860 3752 184
878 3713 901 3752 et
917 3703 974 3752 eds.
992 3703 1064 3750 Arist.
1080 3719 1106 3763 p.
1120 3698 1183 3748 lll.
1206 3696 1242 3744 (ll.

272 3794 341 3854 bole.
360 3793 444 3844 lisseb.
458 3794 498 3842 les
513 3795 606 3846 llelleu.
626 3795 723 3846 metu.
744 3797 787 3848 lll.
806 3796 829 3846 l.
848 3793 899 3846 128
915 3795 949 3844 ll·
967 3794 981 3844 l
999 3805 1022 3844 et
1038 3803 1113 3845 austt.
1131 3791 1164 3841 ibi
1176 3789 1242 3838 lautl·

272 3887 335 3936 lrlesn
351 3887 419 3935 (lubia
435 3888 568 3937 auunritste
585 3889 701 3938 elicitasrsle
717 3891 833 3956 νηστιόᾳ
850 3889 876 3940 iu
887 3888 1067 3952 Tbesncpbnriis
1081 3887 1141 3950 apud
1157 3886 1241 3934 treme

271 3981 444 4032 tresclens.
457 4001 483 4045 p.
497 3979 558 4046 800,
575 4000 621 4046 que
633 3983 661 4031 de
682 3999 706 4032 re
719 3984 800 4034 deiude
813 3984 916 4048 pluribus
932 4001 1035 4047 speum.
1051 3983 1157 4034 Similiter
1164 3979 1243 4028 bonae

272 4091 362 4138 qnoque
386 4077 517 4125 lectisternii
533 4086 632 4140 tenpore
648 4077 731 4140 captivi
748 4079 844 4128 siaerslis
868 4079 1042 4141 tiberinus,
1060 4077 1137 4128 Livius
1153 4076 1179 4125 V·
1198 4071 1240 4122 13·
