2862 4894
683 333 717 394 ll

217 514 334 582 bliearl
360 513 463 580 iubet.
513 513 615 580 Vitam
642 515 737 582 solam
766 517 916 609 relinquit
950 524 1075 592 nefariis
1103 527 1207 597 bomi-

219 629 342 706 nibns3
367 628 507 718 quamsi
528 628 715 718 eripuisset,
739 631 854 698 multos
876 655 939 700 uno
955 636 1062 706 dolore
1083 641 1206 714 dolores

221 744 324 808 aniani
347 755 443 833 atque
467 744 625 832 corporis,
649 757 681 810 et
705 768 810 814 omnes
829 749 979 818 aoelernm
1000 776 1115 842 poenas
1135 763 1207 828 ade-

218 861 343 926 misset.
385 863 461 926 102.
486 859 532 926 M.
550 873 653 927 autern
669 859 747 928 Cato
760 863 789 945 ¹,
817 887 914 953 quum
936 882 1012 936 esset
1029 868 1207 961 designatus

221 973 373 1040 tribunus
402 972 522 1063 plebis,
557 975 675 1042 obtulit
706 977 739 1042 in
772 974 940 1046 discrimen
964 983 1060 1050 ritarn
1092 1010 1202 1056 suam:

218 1087 303 1155 dixit
331 1111 401 1154 eam
420 1088 623 1168 sententiam,
647 1091 735 1156 ouius
754 1091 904 1160 invidiam
929 1098 1040 1186 eapitis
1063 1103 1206 1189 periculo

218 1203 283 1268 ribi
308 1201 524 1292 praestandam
540 1203 665 1270 ridebat
681 1231 689 1268 ε
712 1204 791 1272 dixit
807 1206 1023 1280 vehementer:
1049 1217 1112 1304 egit
1125 1221 1206 1286 aori·

217 1331 292 1384 tera
331 1341 387 1399 ea,
423 1339 503 1405 quae
534 1321 646 1398 aenait,
682 1343 757 1408 prae
778 1345 810 1388 se
839 1323 926 1393 tulit:
960 1325 1042 1410 dux,
1074 1343 1202 1417 anoton,

217 1447 312 1502 aetor
327 1453 432 1499 rernm
448 1431 574 1498 illarum
596 1434 668 1503 luit:
694 1457 756 1500 non
770 1459 831 1526 qno
845 1439 1021 1526 pericnlum
1038 1465 1127 1510 sunm
1141 1469 1203 1514 nou

219 1547 360 1622 rideret;
396 1545 448 1612 aed
474 1547 505 1612 io
538 1559 624 1614 tanta
650 1548 696 1613 rei
735 1550 882 1638 publicae
913 1565 1097 1644 tempestate
1125 1560 1204 1626 nihil

218 1660 299 1735 sibi,
328 1659 386 1726 nisi
415 1657 453 1726 de
485 1661 605 1748 patriae
629 1661 799 1751 perieulis,
825 1665 1026 1752 cogitandum
1060 1674 1202 1760 putabat.

225 1781 301 1842 tna.
337 1775 407 1863 lngo
423 1773 454 1850 ²,
488 1774 573 1863 qnod
596 1775 629 1839 in
655 1774 714 1842 han
742 1795 833 1842 eausa
859 1776 1071 1846 rehementior
1101 1808 1204 1868 eram,

227 1913 286 1956 non
321 1889 489 1956 atrocitate
516 1890 613 1956 animi
644 1893 813 1972 movebar,
846 1893 931 1980 (quia
962 1895 1046 1962 enim
1079 1911 1125 1962 eat
1155 1923 1205 1967 me

232 2007 329 2073 mitior
340 2007 372 2094 l)
396 2005 449 2073 aed
468 2001 617 2096 singulari
645 2004 781 2096 quadam
806 2005 1002 2077 humanitate
1025 2024 1057 2077 et
1082 2014 1207 2080 miseri·

228 2121 346 2188 oordia.
391 2121 528 2188 Videbar
557 2122 641 2188 enim
667 2119 748 2188 mibi
770 2120 852 2188 bano
876 2122 985 2190 urbem
1012 2124 1131 2207 ridere,
1156 2129 1206 2195 lu·

222 2261 291 2304 oern
323 2236 411 2302 orbis
440 2250 596 2304 terrarum
627 2249 723 2327 atque
746 2259 850 2304 areem
875 2241 1015 2306 omnium
1038 2245 1203 2332 gentium,

221 2353 327 2418 subito
361 2373 425 2416 uno
455 2350 603 2417 incendio
631 2349 873 2418 concidentems
910 2355 1076 2423 cernebam
1100 2359 1204 2425 animo

220 2467 378 2557 sepultam
407 2466 562 2557 patriam,
597 2465 724 2533 miseros
755 2479 850 2556 atque
879 2470 1052 2559 insepultos
1079 2494 1206 2539 acerras

218 2581 364 2648 eirinm:
398 2579 578 2647 versabatur
611 2577 691 2645 rnibi
710 2593 783 2646 ante
810 2581 917 2648 oculos
948 2584 1113 2672 adspectus
1141 2587 1204 2654 (le-

221 2696 330 2786 thepi,
366 2709 398 2764 et
425 2696 511 2762 luror
534 2697 567 2760 in
593 2695 708 2762 oirium
738 2695 834 2762 caede
857 2696 1050 2795 baeohantls.
1100 2701 1203 2786 Quum

220 2834 296 2878 aero
333 2809 412 2876 mibi
438 2828 661 2899 proposueram
691 2823 875 2898 regnantem
904 2800 1099 2898 Lentulum,
1124 2815 1205 2884 siout

219 2929 291 3020 ipae
312 2947 345 2991 se
371 2947 408 2990 ar
440 2925 512 2991 latis
535 2946 672 3014 sperasse
700 2926 857 2991 confessus
874 2923 955 3016 lest,
995 2941 1203 3018 purpuratum

218 3063 286 3108 ease
306 3038 393 3106 bono
414 3037 606 3120 Gabinium,
631 3061 704 3104 onor
726 3039 866 3105 exercitu
884 3040 1001 3106 renisse
1020 3039 1204 3124 Catilinam,

220 3167 291 3222 torn
316 3153 569 3220 lamentationem
594 3153 886 3237 matrumfamilias,
910 3167 977 3220 tum
1009 3156 1113 3244 lupam
1142 3159 1204 3222 rir-

218 3271 331 3358 3inum
355 3280 448 3357 atque
472 3287 710 3356 puerorum,ao
735 3266 926 3332 renationem
953 3268 1117 3356 virginum
1141 3267 1205 3338 Ve-

218 3383 349 3450 stalium
374 3381 673 3472 perhorrescebom:
706 3395 758 3464 et,
795 3382 868 3470 quia
896 3381 974 3448 mibi
1007 3383 1205 3450 rehementer

218 3499 301 3566 baec
325 3496 509 3562 ridebantur
533 3496 762 3584 miserantque
786 3494 981 3574 miserando,
1007 3495 1149 3576 idcirco,
1172 3499 1203 3563 in

218 3637 290 3695 eoa,
308 3611 364 3701 qui
383 3633 418 3678 ea
435 3609 584 3699 perficere
605 3611 784 3686 voluerunt,
809 3631 859 3674 me
881 3631 1019 3675 serarum
1041 3611 1205 3678 vehemen-

220 3743 353 3817 temque
368 3726 512 3815 praebui.
540 3727 614 3792 tot.
641 3727 726 3810 Quae
745 3724 757 3762 ³
776 3721 905 3804 omnin,'
918 3725 991 3812 quia
1011 3723 1089 3790 Cato
1104 3728 1205 3793 verbis

228 3909 383 3920 ,ῥυ-..-

259 4015 283 4078 ι)
302 4031 343 4076 μα
367 4015 444 4064 suaa
467 4032 488 4064 a.
512 4013 552 4067 aa.
578 4017 591 4081 r
614 4015 655 4066 at.
682 4043 713 4054 -
740 4014 765 4080 ι)
792 4015 816 4064 aa
831 4014 920 4064 narra.
946 4015 981 4064 rr.
1000 4031 1021 4064 a.
1039 4013 1064 4064 n.
1082 4013 1095 4077 a
1113 4011 1153 4061 lt.
1173 4041 1205 4052 ..

219 4109 245 4172 η
262 4109 293 4157 aa
312 4113 357 4158 ao.
374 4109 428 4158 aar.
446 4108 486 4158 21.
504 4109 518 4175 a
536 4109 557 4159 1.
