2772 4902
744 299 806 364 140

389 409 401 440 X

283 488 328 555 sic
347 500 449 554 tamen
461 509 604 577 magnam
626 487 720 554 luisse
733 485 829 553 rideri
842 485 954 553 horum
968 491 1262 558 commentariorum

283 605 503 694 praestantiam
527 603 597 694 quia
620 603 767 692 negabit?
796 603 871 688 Quis
894 625 1001 668 eorum
1017 605 1175 690 jacturam
1197 629 1261 672 non

285 719 462 784 numerabit
483 719 515 782 in
535 718 733 806 gratissimis,
759 741 835 807 quas
853 717 914 784 hoc
929 719 1136 807 scriptionum
1152 743 1264 808 genere

285 833 427 898 iecerunt
451 832 583 899 literae?
610 833 685 918 Quis
708 832 787 898 adeo
811 832 989 913 mirabitur,
1014 831 1098 922 quod
1122 833 1159 898 iis
1182 834 1265 900 mul·
1357 859 1358 862 ¹

285 959 352 1012 tum
365 948 475 1012 tribuit
489 949 584 1036 inque
597 947 701 1012 multis
713 945 878 1012 obsecutus
893 959 949 1027 est,
973 969 1033 1012 non
1051 945 1124 1010 dico
1136 947 1265 1030 Strabo,

285 1060 360 1128 licet
384 1061 465 1128 haud
489 1062 591 1128 desint
615 1085 696 1151 quae
719 1061 852 1150 probare
875 1084 941 1128 rcrn
965 1061 1130 1126 rideantur
1154 1062 1185 1148 ¹,
1212 1065 1266 1131 sed

285 1176 438 1244 Plinius²
460 1190 492 1243 et
515 1191 587 1244 ante
612 1199 718 1243 onnes
741 1174 945 1264 Stephanus?

335 1407 401 1473 lam
436 1420 627 1472 revertamur
664 1405 702 1470 ad
736 1406 931 1494 propositum
961 1419 992 1470 et
1022 1420 1141 1473 ceteros
1171 1407 1270 1472 libros

291 1519 472 1602 Alexandri,
498 1545 631 1611 quorum
656 1543 717 1586 non
739 1521 839 1586 omnis
862 1521 982 1586 interiit
1005 1523 1165 1604 anemoria,
1184 1521 1271 1587 dein·

204 1669 211 1680 ·
289 1657 364 1724 ceps
382 1636 559 1725 singulatim
585 1658 820 1732 persequamur.

620 1825 637 1908 §
668 1821 721 1882 17.
757 1817 945 1888 Χαλδαϊκὰ.

336 1979 642 2047 Commentariorum
661 1979 700 2044 de
721 1980 836 2067 quibus
857 1978 1006 2044 hactenus
1028 1979 1147 2066 egimus
1171 2001 1272 2068 quum

291 2117 326 2159 ca
349 2095 442 2160 luisse
461 2095 542 2160 ratio
561 2093 711 2170 rideatur,
732 2107 766 2158 ut
782 2094 813 2157 in
837 2093 993 2158 historicis
1012 2093 1158 2182 operibus
1172 2091 1273 2158 haud·

290 2231 447 2296 quaquam
473 2208 590 2296 possint
614 2207 782 2284 numerari,
805 2206 947 2272 consulto
972 2208 1062 2272 omisi
1089 2209 1271 2276 Χαλδαϊκὰ

289 2335 332 2403 et,
358 2322 397 2387 de
409 2322 524 2411 quibus
535 2343 631 2411 porro
643 2319 845 2386 iudicandum
865 2325 940 2397 erit,
962 2323 1143 2390 Ἰουδαϊκὰ.
1170 2321 1283 2388 Recte·

290 2433 482 2526 distinxerim
499 2458 618 2517 neone,
644 2435 777 2502 aliorum
796 2434 928 2500 arbitrio
956 2435 1112 2524 relinquo.
1158 2433 1271 2507 Certe,
1363 2440 1364 2458 ¹

291 2550 414 2639 siquid
447 2551 616 2640 fragmento
638 2551 789 2638 probant,
815 2572 897 2637 quae
921 2549 1010 2615 nobis
1039 2573 1098 2616 una
1123 2563 1195 2616 sunt
1222 2552 1272 2616 iu·

291 2661 418 2728 dicandi
441 2665 740 2754 norms‚atriusqus
760 2664 853 2731 huius
870 2663 943 2730 libri
955 2677 1173 2754 argumentum
1186 2665 1277 2753 prin·

292 2799 366 2868 ceps
400 2779 433 2844 in
470 2778 597 2844 historia
629 2793 781 2845 versatum
817 2792 876 2846 est.
927 2780 987 2865 Qui
1021 2793 1125 2844 autern
1157 2780 1273 2844 crebro

293 2890 497 2980 Polyhistoris
505 2896 685 2962 Χαλδαϊκὰ
704 2892 810 2958 laudat
832 2893 982 2981 Georgius
998 2888 1174 2982 syncellus,
1198 2914 1273 2958 eum

279 3003 411 3070 ¹aii'atim
432 3019 552 3072 constat
576 3006 703 3073 laudare
725 3029 806 3096 quae
831 3029 892 3071 non
913 3029 949 3071 ex
977 3021 1129 3085 auctore,
1155 3004 1208 3072 sed
1234 3006 1274 3072 ab

295 3120 503 3208 epitomatore
524 3119 704 3206 Alexandri,
728 3119 877 3198 Eusebio,
898 3119 1012 3186 didicit
1033 3117 1059 3186 ³.
1084 3120 1187 3205 Quum
1202 3139 1275 3186 aero

332 3320 683 3390 ¹)cu.§3,510‚§t⁵.

327 3415 352 3482 1)
370 3417 410 3466 Gli.
426 3416 441 3482 β
457 3413 481 3480 7,
492 3414 625 3482 §ll,§15.
642 3416 769 3467 Alexander
777 3433 848 3480 quarn
855 3416 946 3482 saepius
954 3434 969 3465 ι
978 3414 1051 3464 Plinio
1062 3414 1125 3463 testis
1138 3413 1273 3476 adducam,

294 3521 343 3560 turra
357 3519 493 3560 memoratur
505 3510 530 3558 in
544 3511 599 3559 Ind.
618 3510 691 3560 Aust.
713 3511 756 3562 tta.
771 3511 817 3573 ll,
835 3510 870 3573 t,
888 3511 931 3574 ii,
948 3511 994 3558 xtt
1011 3519 1034 3558 et
1050 3507 1165 3570 mxu,
1182 3524 1211 3556 ax
1228 3522 1275 3571 qno

294 3606 347 3654 loco
369 3605 505 3669 Wagenerus
523 3622 547 3670 p.
573 3602 623 3654 199
638 3622 664 3654 n.
682 3602 699 3653 8
722 3605 805 3654 libum
821 3604 949 3656 usuntrt
961 3605 992 3654 de
1006 3619 1158 3671 gemmarum
1176 3603 1276 3668 origine

294 3707 434 3746 comentur
450 3707 492 3746 est.
943 3762 948 3770 Ι

328 3787 352 3852 ³)
370 3787 521 3839 Clarissimum
535 3789 559 3838 id
576 3791 614 3838 liet
635 3791 773 3852 comparanti
787 3805 847 3853 qnae
869 3800 976 3854 tanquam
993 3789 1140 3854 Polyhiatoris
1154 3786 1275 3852 syncellus

294 3883 374 3932 laudat
390 3899 441 3932 cnm
457 3884 546 3934 Eusebii
564 3885 736 3934 Ultrons'oorusn
752 3886 877 3934 Oanonann
894 3886 969 3934 tibris
984 3885 1093 3948 duodus,
1109 3883 1176 3932 editis
1190 3881 1277 3930 lledio-

296 3976 344 4024 lani
361 3995 383 4026 ι.
400 3975 466 4026 1818
482 3995 496 4026 ι
514 3977 573 4026 llaio
589 3988 613 4026 et
627 3977 745 4041 Zolaralto,
762 3993 858 4042 qnorum
874 3979 949 4041 capita
966 3979 1068 4043 quinquo
1084 3978 1156 4040 priora
1172 3982 1276 4038 excerpt·

296 4080 349 4120 aunt
365 4087 393 4118 ex
408 4071 566 4121 commentario
580 4071 709 4121 ¹llnxandrn'.
745 4071 828 4134 Quodsi
845 4071 992 4122 ttnmtrian
1010 4071 1127 4132 audimus,
1145 4085 1217 4132 neque
1232 4068 1275 4116 ta·
