2772 4902
751 330 793 394 st

317 632 525 700 Alexandrum
552 628 706 698 Cornelii
732 651 844 696 nomeu
884 630 1038 718 accepisse
1060 651 1075 692 a
1104 627 1275 710 Lentulo,

276 749 331 836 qui
355 769 454 837 quum
474 745 559 812 bello
578 756 705 833 captum
725 745 851 810 emisset
868 755 900 808 et
918 741 1077 808 habuisset
1104 741 1279 832 aliquam·

272 859 328 924 diu
352 859 439 925 domi
468 881 540 924 suae
564 855 778 947 paedagogum
799 856 945 922 libertate
975 879 1047 921 euna
1072 854 1276 936 donaverit,

272 985 383 1039 auctor
414 973 503 1038 nobis
530 984 577 1037 est
604 970 717 1038 Suidns
736 970 761 1039 ¹.
809 969 889 1036 Cum
915 992 979 1060 quo
1000 969 1278 1036 testimonio‘mi·

273 1087 415 1153 rabiliter
436 1100 553 1176 pugnat
574 1086 659 1152 locus
682 1085 867 1162 servimus,
886 1107 983 1174 quoa
1002 1081 1139 1150 Lucilio
1158 1083 1277 1171 Sylla

273 1199 449 1267 Alexander
467 1201 628 1267 civitatem
646 1201 804 1289 accepisse
819 1199 936 1265 dicitur
955 1197 980 1264 ².
1008 1198 1112 1265 Sensit
1127 1199 1275 1285 quidem

271 1314 401 1378 Vossius
426 1317 457 1390 ⁸,
481 1336 575 1402 quom
587 1313 755 1379 ridiculum
773 1314 813 1378 sit
830 1312 958 1380 credere
982 1336 1119 1403 unquam
1136 1315 1275 1380 Romae

147 1495 148 1506 ¹
272 1427 425 1492 exstitisse
440 1427 606 1490 Lucilium
628 1425 765 1515 Syllam,
798 1426 997 1516 correxitque
1016 1425 1095 1492 sdec
1116 1429 1274 1492 omnium

273 1539 420 1628 deinceps
439 1538 583 1628 plausum
607 1540 707 1606 ferens
731 1539 846 1606 Lucilii
871 1563 982 1606 nomen
1007 1541 1037 1604 in
1060 1538 1166 1605 Lucii
1177 1589 1187 1618 ,
1215 1539 1274 1606 sed

271 1675 374 1743 neque
389 1653 456 1741 ipse
473 1652 694 1719 animaduertit
706 1675 765 1718 nec
784 1655 952 1743 quisquam
966 1667 1085 1744 postea,
1103 1651 1165 1718 hnc
1187 1675 1273 1719 con·

268 1768 394 1853 jectum
416 1789 480 1834 non
494 1766 561 1832 tolli
576 1765 797 1834 dissensionem
819 1769 899 1832 inter
911 1766 1041 1836 Suidam
1057 1779 1089 1832 et
1105 1767 1274 1836 Serrium.

271 1881 353 1969 Quid
378 1883 525 1972 quaeris?
548 1881 694 1950 Statuerc
716 1881 812 1950 Gorn.
834 1881 1044 1947 Alexandrum
1064 1882 1272 1949 libertatem

274 1996 369 2064 corn.
380 1997 536 2076 Lentulo,
562 2001 737 2062 civitatem
754 1994 849 2063 Corn.
870 1991 975 2060 Sullae
986 1994 1147 2076 debuisse,
1168 1996 1272 2085 plane

275 2109 445 2176 absurdum
477 2121 535 2176 est.
590 2106 740 2176 Serviano
771 2109 840 2176 loco
877 2109 999 2197 gravius
1029 2109 1109 2176 inest
1137 2109 1271 2176 ritinrn.

274 2223 424 2312 Designat
445 2219 571 2289 Servius
589 2223 631 2290 Ρ.
662 2221 763 2291 Corn.
784 2222 961 2288 botulum
981 2218 1129 2305 Suram,
1156 2237 1271 2290 orato-

274 2359 341 2404 rem
376 2337 450 2402 sntis
473 2337 686 2426 probabilem,
726 2359 821 2428 quem
851 2339 889 2406 Δ.
914 2337 953 2404 U.
990 2341 1055 2405 683
1087 2336 1270 2404 Consulatu

274 2452 419 2518 iunctum
453 2452 583 2518 inlomia
611 2452 794 2542 flagrantem
819 2449 880 2518 Gn.
908 2451 1057 2518 Lentulus
1088 2449 1270 2518 Clodianus

274 2579 307 2631 et
330 2565 366 2632 L.
387 2561 504 2632 Gellius
535 2565 685 2633 Censores
716 2579 825 2632 senatu
847 2579 1035 2646 moverunt,
1059 2565 1097 2632 Α.
1124 2564 1168 2632 U.
1196 2569 1263 2634 691

273 2679 497 2768 conjurationis
519 2678 719 2746 Catilinarine
742 2703 829 2780 rcum
851 2680 963 2747 Cicero
986 2678 1100 2746 Consul
1121 2681 1267 2748 interfici

270 2795 362 2883 jussit
386 2792 410 2858 ⁴.
441 2793 533 2882 Apud
549 2789 694 2861 Serrium
713 2817 776 2858 non
803 2807 864 2859 tum
884 2817 997 2860 nomen
1021 2795 1139 2882 gentis,
1153 2817 1266 2883 ·quam

273 2929 446 2995 cognomen
471 2905 565 2972 Sura
586 2908 619 2972 iu
633 2905 721 2973 Sola
738 2909 895 2996 primum,
922 2907 1035 2974 deinde
1049 2909 1080 2972 in
1097 2904 1206 2974 Sulla
1229 2925 1267 2976 et

274 3019 610 3110 sollempnensis,
638 3043 744 3088 omnes
765 3022 891 3090 tetettit.

319 3137 408 3203 Patet
429 3137 475 3202 rel
495 3136 570 3202 hinc
593 3138 771 3218 luculente,
791 3139 822 3203 in
847 3161 928 3227 qnae
951 3152 1089 3226 tempora
1110 3136 1263 3202 inciderit

286 3344 417 3356 ----

308 3451 331 3516 l)
344 3469 364 3500 r.
379 3469 402 3500 a.
418 3451 452 3502 (li.
476 3451 560 3500 liudoc.
579 3469 601 3514 p.
618 3449 665 3499 62.
703 3450 787 3500 Snidas
811 3451 879 3501 mbr
895 3452 952 3499 lxeec
976 3459 1041 3499 sunt:
1072 3446 1262 3516 Ἀλέξανδρος

273 3542 288 3592 ὁ
309 3545 454 3612 Μιλήσιος,
470 3544 500 3606 ὃς
512 3541 675 3614 Πολυΐστωρ
693 3546 839 3614 ἐπεκλήθη
849 3550 897 3596 καὶ
914 3545 1082 3616 Κορνήλιος,
1100 3541 1175 3594 dro'rr
1186 3541 1263 3610 Κορ-

273 3637 358 3706 νηλίῳ
375 3639 526 3706 Λεποὺλῳ
545 3641 787 3708 αἶχμαλωτεσθεὶς
802 3641 931 3710 ἐπράθη,
957 3644 1004 3691 sul
1023 3641 1101 3709 αὐτῷ
1115 3640 1261 3703 παιδαγω-

274 3731 322 3796 yde,-
337 3732 466 3797 tremo,
484 3729 540 3786 εἶτ’
555 3734 760 3804 ἠλευθερώθη.

308 3825 330 3892 ²)
350 3825 382 3874 ld
398 3827 464 3877 Aera.
489 3829 518 3879 X.
545 3827 613 3893 ³88,
637 3829 692 3878 nbi:
729 3827 872 3877 »limandos
899 3827 1042 3892 Polybium,
1064 3821 1131 3893 qusai
1156 3825 1263 3877 Lucilius

275 3919 338 3984 Sylla
354 3920 447 3973 civitate
461 3923 581 3974 donarit.''

309 4013 331 4068 ’l
351 4016 383 4064 II.
404 4017 433 4064 G.
451 4035 473 4079 p.
494 4015 543 4066 189
556 4018 592 4066 ed.
607 4017 734 4086 rreum.

311 4111 336 4170 l)
363 4109 843 4161 SufficintlandasrcllrslliuasetBaitaruar
855 4112 941 4160 Onom.
960 4113 1084 4160 Totus.
1101 4111 1128 4158 ΙΙ.
1148 4127 1173 4170 p.
1191 4101 1254 4154 182.

1139 4353 1149 4388 Ι
