2942 4902
775 343 816 408 32

308 529 447 596 strictam
468 527 718 620 rempublicam
738 531 947 598 tradidissent.
985 530 1024 598 ld
1046 548 1152 602 autem
1169 531 1298 602 foedus

308 665 379 710 meo
402 645 557 736 sanguine
583 647 682 710 ictum
711 647 827 712 sanciri
853 669 942 735 posse
962 643 1121 712 dicebant.
1156 647 1234 730 Qua
1260 671 1299 716 re

307 755 470 845 patefacte,
491 759 608 848 (neque
625 760 711 826 enim
727 758 919 826 dissimulari
936 775 1063 826 tantum
1081 757 1182 826 scelus
1192 777 1298 850 pote-

238 883 240 888 ’
308 886 356 934 rat
383 893 443 938 nec
468 856 594 958 interm)
627 871 874 965 promulgantur
902 895 969 938 uno
1002 871 1176 962 eodemque
1202 889 1298 940 tem-

306 1005 383 1072 pore
401 985 578 1076 rogationes
596 983 639 1050 ab
659 985 771 1052 eodem
790 980 923 1052 tribuno
937 985 978 1052 de
997 1009 1068 1052 mea
1089 986 1235 1075 pernicie
1260 1003 1297 1052 et
1319 1073 1322 1080 ,

305 1096 347 1163 de
374 1099 545 1186 provinciis
567 1095 738 1164 consulum
766 1099 967 1166 nominatim.
1003 1099 1057 1164 7⁴.
1086 1098 1177 1164 Hic¹
1213 1115 1296 1166 turn

305 1226 432 1278 senatus
443 1209 613 1292 sollicitus,
630 1233 740 1280 omnes
759 1213 880 1300 equites
891 1211 1035 1292 excitati,
1053 1208 1145 1276 Italia
1165 1229 1295 1278 cuncta

305 1339 458 1413 permota,
478 1347 588 1390 omnes
606 1324 745 1412 denique
760 1325 907 1392 omnium
924 1347 1080 1417 generum
1105 1340 1202 1412 atque
1233 1349 1295 1390 or-

304 1439 420 1506 dinum
437 1440 519 1506 cives
536 1461 678 1506 summae
698 1439 744 1506 rei
768 1437 915 1528 publicae
935 1463 954 1504 a
973 1436 1159 1506 oonsulibus
1185 1453 1294 1528 atque

304 1575 323 1615 a
340 1575 465 1618 summo
485 1553 618 1640 imperio
635 1551 810 1642 petendum
829 1573 894 1618 estc
908 1548 1067 1618 auxilium
1080 1549 1293 1618 arbitraban-

304 1679 367 1745 tur,
385 1687 490 1752 quum
503 1661 550 1730 illi
569 1663 627 1730 soli
648 1681 768 1746 essent,
789 1681 913 1754 prester
931 1663 1088 1730 furiosum
1107 1660 1203 1730 illum
1227 1667 1292 1732 tri-

303 1775 451 1870 bunum,
481 1779 547 1846 duo
575 1781 619 1846 rei
649 1777 797 1868 publicae
824 1776 986 1860 turbines,
1011 1780 1068 1866 qui
1094 1799 1162 1842 non
1183 1777 1290 1844 modo

301 1892 521 1982 praecipitanti
543 1893 662 1981 patriae
682 1915 750 1958 non
767 1889 990 1973 subvenirent,
1014 1891 1071 1958 sed
1091 1913 1163 1958 eam
1184 1893 1290 1958 etism

301 2007 440 2072 nimium
459 2006 549 2074 tarde
575 2005 741 2072 concidere
765 2021 950 2074 maererent.
989 2001 1212 2098 flagitabatur
1241 2004 1289 2072 ab

301 2117 351 2184 hia
368 2118 529 2206 quotidie,
552 2141 656 2208 quum
677 2116 814 2207 querelis
839 2101 1002 2184 bonorum
1021 2118 1184 2198 onmium,
1209 2133 1288 2184 tum
1335 2137 1351 2172 ⁴

301 2231 397 2296 etiam
414 2231 563 2320 precihus
584 2247 728 2313 senatus,
742 2247 780 2296 ut
795 2255 899 2298 meam
921 2253 1050 2298 causam
1072 2231 1287 2319 susciperent,

300 2337 428 2436 agerent
460 2341 591 2431 aliquid3
616 2343 755 2432 denique
787 2343 829 2410 ad
854 2359 1001 2410 senatum
1029 2340 1191 2410 referrent
1240 2343 1285 2408 Hi

300 2479 368 2524 non
398 2455 493 2522 modo
518 2457 681 2550 negando,
714 2456 889 2522 sedetiam
918 2456 1096 2536 irridendo,
1124 2453 1287 2544 amplissi-

300 2593 392 2636 mum
415 2593 579 2660 quemque
610 2567 696 2636 illius
720 2569 840 2637 ordinis
866 2568 1127 2658 insequebantur.

342 2797 470 2864 XXIII.
493 2799 547 2862 75.
571 2797 662 2863 Hicl
690 2796 796 2864 subito
819 2821 924 2887 quum
948 2793 1143 2862 incredibilis
1162 2797 1197 2860 in
1217 2793 1285 2861 Ca-

299 2907 447 2999 pitolium
460 2909 634 2978 multitudo
650 2935 688 2977 ex
704 2927 768 2976 tots
788 2909 880 2976 Urbe
900 2909 1079 2998 cunctaque
1094 2905 1186 2974 Italia
1200 2933 1284 2975 oon-

298 3025 446 3106 venisset‚
475 3041 593 3090 vestem
620 3025 809 3092 mutandam
836 3047 945 3090 omnes
970 3045 1085 3110 meque
1106 3025 1171 3088 iam
1188 3025 1282 3088 omni

298 3138 434 3218 ratione,
468 3140 590 3226 privato
610 3136 758 3220 consilio,
783 3139 949 3227 (quoniam
977 3133 1114 3226 publicis
1140 3133 1282 3204 ducibus

297 3248 490 3338 respublica
514 3251 645 3338 careret)
668 3249 906 3316 defendendum
927 3265 1092 3338 putarunt.
1122 3248 1207 3330 Vos,
1227 3250 1281 3313 in-

295 3387 414 3453 quam,
437 3366 556 3452 equites
593 3363 745 3444 Romani,
769 3379 800 3430 ct
833 3386 942 3430 omnes
963 3361 1058 3444 boni,
1088 3378 1172 3428 veste
1201 3385 1280 3428 mu-

296 3495 358 3544 tata
372 3501 428 3544 vos
444 3501 502 3568 pro
518 3501 588 3544 meo
604 3479 705 3567 cupite
727 3476 769 3542 ad
798 3475 1043 3566 pedestlenonis
1070 3475 1278 3564 impurissimi

296 3593 481 3680 proiecistis:
505 3613 580 3656 curn
603 3591 711 3656 vestris
734 3589 882 3678 precibus
907 3615 926 3654 a
948 3587 1071 3655 latrone
1098 3586 1154 3654 illo
1178 3611 1277 3679 repu-

295 3705 371 3772 diati
396 3707 477 3772 estis.
514 3705 568 3770 76.
592 3704 670 3770 Erat
690 3704 802 3769 eodem
826 3719 967 3792 tempore
988 3719 1115 3770 senatus
1137 3703 1172 3768 in
1198 3700 1276 3766 aede

294 3817 509 3898 Concordiae,
531 3817 620 3906 quod
641 3819 748 3906 ipsum
762 3813 918 3904 templum
935 3801 1189 3906 repisesentabat
1205 3835 1276 3880 me-

329 4035 431 4144 q'rsu.
452 4091 475 4128 e.
497 4077 540 4128 rt.
559 4074 574 4140 s
591 4075 636 4128 ts.
655 4102 691 4114 -
709 4071 731 4140 ²)
754 4076 817 4126 ieie.
839 4089 862 4126 c.
877 4077 920 4126 rs.
945 4075 958 4142 s
979 4078 1022 4126 ao.
