2862 4894
768 377 807 440 12

295 557 348 628 die
370 561 489 628 Romae
510 559 648 644 luerint,
673 563 750 652 quin
770 585 855 628 arma
871 562 1011 651 ceperit,
1034 563 1111 651 quin
1135 563 1282 631 consules

294 687 418 741 secutus
441 677 501 740 sit:
527 698 626 765 quum
645 676 654 715 ¹
686 675 724 742 ad
745 700 831 744 arma
848 674 989 742 consules
1005 698 1041 742 er
1063 688 1185 743 senatus
1203 699 1281 744 eom

294 788 376 855 :ulto
399 791 610 858 rocasisseut:
636 803 896 882 quum'armatus
919 791 965 858 Μ.
989 792 1152 874 Aemilius,
1182 793 1278 883 prin-

294 925 367 993 ceps
394 917 532 981 senatus,
556 907 588 970 in
613 906 743 972 comitio
768 907 976 987 constitisset,
1004 907 1080 997 qui,
1108 929 1206 996 quum
1228 907 1280 972 in-

292 1015 380 1106 gredi
404 1019 451 1086 rix
470 1033 592 1109 posset,
615 1043 678 1094 non
698 1019 737 1086 ad
758 1019 986 1111 insequendum
1009 1021 1072 1087 sibi
1094 1021 1279 1088 tarditatem

293 1130 429 1220 pedum,
453 1132 505 1199 sed
526 1133 565 1199 ad
584 1133 769 1223 fugiendum
790 1134 1017 1226 impedimento
1039 1135 1105 1200 lore
1127 1134 1279 1224 putabat:

217 1277 220 1284 ⁴
293 1267 392 1336 quum
414 1246 551 1336 denique
569 1248 607 1334 Q.
625 1245 794 1330 Scaevola,
816 1248 978 1318 conlectus
996 1259 1167 1330 senectute,
1184 1271 1279 1337 prae·

291 1358 417 1449 peditus
442 1362 573 1440 morbo,
597 1385 745 1445 mancus,
770 1375 802 1431 et
822 1362 974 1429 membris
998 1362 1142 1428 omnibns
1164 1373 1279 1452 captus

291 1471 471 1555 sedebilis,
492 1473 599 1542 hastili
620 1477 719 1555 ninus,
741 1489 774 1544 et
798 1477 896 1543 animi
912 1476 985 1556 rim,
1006 1488 1038 1544 et
1058 1475 1276 1544 infirmitatem

290 1587 432 1676 corporis
456 1588 652 1656 ostenderet:
686 1613 784 1680 quum
807 1591 847 1658 L.
871 1590 1031 1670 Metellus,
1055 1587 1125 1658 Ser.
1150 1587 1276 1675 Galba,

292 1699 329 1770 Ο.
358 1702 522 1785 Serranus,
558 1703 592 1772 Ρ.
622 1705 783 1790 Rutilius,
817 1703 853 1771 C.
876 1705 1036 1787 Fimbria,
1063 1704 1099 1790 Q.
1123 1702 1275 1785 Catulus,

290 1839 475 1908 omnesque,
500 1820 555 1908 qui
575 1831 642 1885 turn
661 1832 763 1902 erant,
782 1818 979 1898 consulares,
996 1839 1055 1908 pro
1070 1816 1169 1884 salute
1184 1839 1276 1883 com·

288 1932 377 1996 muni
395 1955 480 1998 arma
504 1933 683 2023 cepissent:
709 1957 808 2024 quum
828 1956 935 2002 omnes
958 1945 1138 2022 praetores,
1158 1943 1276 1999 cuncto

287 2045 434 2112 nobilitas
457 2069 493 2114 ac
515 2048 659 2116 iuremus
686 2059 884 2127 accurreret,
914 2046 976 2115 Gn.
1000 2058 1031 2113 et
1054 2047 1090 2112 L.
1114 2045 1276 2127 Domitii,

287 2160 326 2226 L.
343 2159 477 2238 Crassus,
499 2162 535 2247 Q.
554 2162 687 2240 diucius,
713 2163 750 2231 G.
769 2161 929 2243 Claudius,
955 2161 1002 2230 ll.
1015 2161 1150 2228 Drusus:
1171 2182 1274 2250 quum

288 2295 395 2339 omnes
415 2271 559 2357 Oclasii,
585 2276 723 2359 Metelli,
749 2275 845 2357 lulli,
872 2275 981 2358 Cassii,
1007 2275 1153 2353 Catones,
1176 2275 1275 2344 Pom·

286 2387 368 2475 peii:
392 2411 490 2478 quum
507 2391 544 2456 L.
557 2389 732 2481 Philippus,
755 2391 794 2458 L.
812 2389 932 2482 Scipio,
949 2413 1046 2479 quum
1060 2389 1100 2457 u.
1116 2380 1272 2480 Lepidus,

286 2525 385 2592 quum
409 2503 448 2572 D.
473 2502 602 2588 Brutus,
628 2529 725 2594 quum
750 2504 784 2573 Ρ.
804 2503 972 2585 Servilius,
996 2525 1094 2593 quum
1117 2505 1152 2588 Q.
1173 2503 1274 2571 Catu-

284 2615 344 2698 lus,
370 2615 541 2686 admodum
559 2631 624 2685 tum
641 2619 833 2704 adolescens,
856 2641 954 2709 quum
979 2617 1016 2686 0.
1040 2616 1149 2700 Curio,
1168 2641 1272 2706 quum

284 2729 422 2821 denique
445 2755 552 2799 omnes
582 2733 747 2799 clarissimi
770 2733 829 2799 viri
853 2755 924 2798 cum
950 2729 1128 2796 consulibua
1150 2746 1271 2800 essent.

283 2847 338 2912 24.
358 2844 438 2931 Quid
458 2859 524 2911 lum
542 2843 579 2914 0.
597 2845 765 2914 Rabirium
780 2846 882 2912 lacere
904 2843 1134 2912 conueniebat?
1158 2857 1269 2914 utrum

282 2943 437 3025 inclusum
457 2971 551 3050 atque
570 2959 714 3025 abditum
733 2959 829 3026 latere
849 2959 881 3024 in
903 2956 1041 3039 occulto,
1065 2969 1161 3046 atque
1177 2958 1272 3047 igna-

281 3071 364 3138 siam
392 3097 477 3138 snam
507 3074 705 3140 tenebrarum
730 3095 767 3139 ac
789 3073 945 3163 parietum
966 3068 1114 3137 custodiis
1136 3084 1267 3160 tepere:

281 3208 320 3250 an
346 3185 377 3250 in
397 3185 588 3277 Capitolium
606 3210 750 3278 pergere,
768 3199 863 3276 atque
882 3185 927 3250 ibi
945 3207 977 3252 se
1000 3207 1072 3252 curn
1092 3187 1206 3250 celeris
1225 3190 1270 3255 nd·

281 3313 416 3366 mortem
449 3313 578 3391 propter
613 3303 695 3367 ritae
727 3299 957 3389 turpitudinem
987 3298 1264 3386 confugientibus,

280 3417 493 3502 congregare?
515 3439 553 3482 an
573 3437 644 3480 oum
665 3414 782 3495 llario,
802 3409 937 3493 Scauro,
966 3409 1091 3494 Catulo,
1115 3410 1268 3496 Metello,

279 3523 443 3607 Scaerola,
460 3551 533 3594 cum
553 3528 643 3594 bonis
661 3527 797 3615 denique
813 3526 958 3592 omnibus
977 3525 1074 3606 coire,
1088 3546 1149 3589 non
1165 3525 1270 3594 modo

279 3639 404 3722 salutis,
432 3664 541 3706 rerum
571 3642 665 3708 etiam
697 3638 831 3728 periculi
854 3638 1059 3706 societatem?
1107 3641 1161 3704 25.
1186 3641 1268 3706 Διῒ

278 3755 395 3821 occidit
417 3752 621 3822 Saturninum
646 3753 806 3820 Rabirius.
823 3789 869 3801 —
891 3749 1019 3818 Utinam
1037 3747 1050 3788 ³
1076 3748 1158 3816 banc
1180 3727 1266 3824 milli

277 3868 459 3936 facultatem
484 3892 575 3935 causa
606 3867 809 3948 concederet,
836 3877 871 3930 ut
898 3885 1018 3953 possem
1042 3859 1104 3928 boe
1126 3863 1261 3951 praedi·

311 4121 335 4188 ι)
352 4122 410 4173 ura
424 4139 444 4174 a
463 4117 487 4172 a.
504 4119 517 4186 a
532 4115 573 4170 21.
593 4145 624 4156 -
643 4115 667 4179 a)
689 4114 745 4166 rua.
762 4129 782 4162 a.
800 4111 840 4164 ιι.
855 4111 869 4178 a
883 4110 924 4162 ει.
941 4135 973 4152 -
991 4110 1014 4176 r)
1033 4110 1090 4162 uu.
1105 4107 1190 4174 ..aa
1207 4107 1259 4162 rs.
