2940 4920
702 311 765 424 sio

233 543 426 634 Interpretes
451 544 640 636 explanant:
667 550 701 612 in
725 546 830 614 fronte
858 550 954 614 totius
974 543 1141 630 triremos,
1158 546 1219 614 ba·

232 657 313 724 eolis
338 659 476 740 adustis,
502 677 605 728 vestra
624 661 797 752 opprobria
820 661 975 744 scribam,
998 663 1032 728 in
1059 685 1096 728 eo
1121 662 1220 729 vehe-

232 787 357 838 menter
377 769 552 838 falluntur:
568 797 644 840 nam
659 797 721 842 vss.
737 775 837 858 6-8,
852 793 884 842 et
897 775 1081 866 praesertim
1098 799 1145 840 vs.
1161 777 1219 840 13:

228 910 291 974 pro
310 912 375 978 quo
387 888 466 954 miii
476 903 549 954 suni
558 915 676 978 magno
691 889 1017 980 bellapugnoio,satis
1029 887 1220 971 ostendunt,

233 1009 360 1087 podiam
380 997 514 1066 verbera
536 1001 711 1095 infligenda
734 1019 884 1093 spectare.
914 1002 999 1068 Hinc
1018 999 1131 1068 locum·
1146 998 1219 1066 lau-

234 1110 347 1177 datum
360 1112 540 1203 sic'explico
549 1139 557 1179 ε
567 1113 706 1180 fustibus
720 1117 785 1182 sive
800 1115 985 1208 strigmentis
993 1112 1219 1181 subselliorum

235 1221 386 1292 mennae
409 1225 500 1292 vobis
524 1243 622 1316 caput
644 1225 727 1294 male
745 1227 914 1306 mulcab03
934 1251 1033 1319 quem
1050 1225 1220 1319 pugnandi

234 1359 358 1402 morem
376 1338 496 1405 Romae
514 1361 583 1405 non
598 1339 692 1406 fuisso
708 1343 897 1407 inusitatum
902 1341 1024 1423 ‚docet
1037 1339 1219 1429 Sempronii

235 1450 373 1517 Gnoohi
393 1475 490 1518 mors.
522 1451 672 1520 Verbum
687 1471 795 1522 autem
811 1455 947 1520 seribere
964 1477 1023 1544 pro
1048 1453 1221 1518 verberare

235 1581 421 1654 usurpatur,
434 1581 473 1631 ut
484 1564 594 1632 Carm.
607 1568 719 1634 XXV.
734 1591 781 1634 vs.
801 1571 838 1634 ri
862 1567 1108 1634 mosombillom.

575 1739 688 1818 cim.
708 1740 873 1802 mun.

279 1879 432 1973 Singulae
453 1881 518 1950 fere
532 1906 641 1965 voees,
664 1899 702 1949 ut
721 1885 893 1974 repetitum
914 1879 995 1948 mole
1011 1893 1076 1962 ost,
1098 1879 1220 1943 meher-

237 1995 324 2076 cote,
351 1997 522 2079 laboriose,
548 2015 580 2065 ot
601 2000 757 2090 imprimis
779 2023 825 2065 vs.
850 1997 887 2064 6:
1076 1977 1083 1992 ’

426 2111 556 2178 Iroseor
577 2113 644 2178 sibi.
670 2113 724 2177 Sic
747 2137 832 2178 meos
854 2111 1005 2176 amores?

238 2223 334 2290 etiam
349 2223 502 2292 ultimus:
520 2236 668 2292 moestius
683 2227 832 2311 lacrymis
843 2223 1050 2298 Simonideis,
1069 2219 1150 2285 mihi
1165 2243 1221 2284 su-

238 2338 413 2426 spicionem
427 2355 575 2421 movent,
591 2355 697 2404 totum
707 2361 836 2406 carmen
847 2337 968 2404 ironice
981 2357 1046 2402 esse
1061 2334 1221 2423 aecipien-

237 2449 333 2534 dum,
353 2467 386 2518 et
397 2449 624 2534 Cornificium,
644 2463 755 2542 po'e'tsm
777 2451 944 2542 quondam
968 2446 1125 2529 sodalem,
1149 2464 1221 2537 post

237 2581 345 2632 ortum
364 2568 448 2634 inter
463 2583 604 2634 amantes
619 2567 810 2650 discidium,
830 2565 980 2634 Lesbiam
997 2567 1167 2635 adamasse.
1250 2605 1257 2614 =

629 2739 732 2802 (ΞΛΜ
754 2739 831 2802 m.

239 2907 286 2947 vs.
309 2884 330 2947 7
352 2907 400 2974 sq.
826 2906 885 2948 noo
908 2903 1022 2972 rogaro

400 2995 514 3084 Qualis
535 3002 577 3062 sii
599 2996 679 3062 solet
701 2995 779 3060 iaec
801 3001 1021 3084 imaginosum.

239 3109 354 3192 Miror,
374 3110 562 3176 recentiores
583 3109 718 3176 editores
740 3110 906 3174 retinuisse
925 3125 1166 3176 monstruosum
1183 3106 1240 3196 il·—

240 3221 300 3289 lud
311 3231 533 3313 imaginosum.
553 3222 573 3287 J
574 3247 627 3288 am
637 3221 813 3288 Turnebus
823 3245 929 3312 quum
940 3221 994 3288 hic
1007 3221 1104 3309 latere
1113 3247 1224 3290 vooem

242 3361 352 3402 nasum
374 3335 511 3418 videret,
536 3335 672 3426 conjecit
693 3345 799 3424 imago
820 3359 948 3418 mum,
970 3343 1140 3426 imaginem
1162 3336 1223 3400 dici

241 3447 385 3539 puellam
407 3464 504 3516 ratus.
538 3447 642 3538 Atqui
665 3447 820 3538 ejusmodi
837 3445 936 3537 hujus
953 3445 1102 3514 vocabuli
1123 3449 1223 3512 inter·
1355 3445 1356 3449 ’

241 3563 376 3652 pretorio
392 3585 503 3630 vereor
523 3577 562 3627 ut
582 3559 713 3628 serenda
733 3561 784 3626 sit.
816 3561 900 3626 Mihi
924 3563 958 3626 in
976 3575 1116 3626 mentem
1135 3560 1224 3626 venit

242 3673 363 3767 legere:
387 3684 496 3766 inepto
517 3698 640 3740 nossem.
708 3730 710 3734 .

601 3821 713 3886 cm.
733 3821 865 3886 invni.

243 3993 291 4035 vs.
316 3970 346 4033 d.
370 3969 439 4034 Noc
463 3991 598 4060 unquam
620 3981 761 4033 sotorum
785 3968 858 4033 inde
881 3965 1097 4056 vursutorum
1120 3977 1177 4028 esr.

291 4081 387 4148 Recte
409 4081 511 4149 editor
533 4079 817 4174 cantabrigiensis:
