2942 4902
765 351 807 414 30

300 542 366 632 pris
374 589 385 622 ,
409 541 498 608 omni
527 538 670 606 incndite
698 536 833 605 libidine
856 535 985 604 meni?
1031 537 1084 603 tt.
1118 537 1181 604 Sed
1212 536 1273 602 suit

300 651 440 743 proiecto
457 649 512 718 ille
529 653 574 718 rei
587 649 736 742 publicae
754 650 884 718 fortune
901 649 1012 732 fatalis,
1034 667 1072 716 ut
1091 649 1144 716 ille
1163 671 1273 716 caecus

300 782 395 854 etque
415 789 523 832 emens
552 765 704 832 tribunus
736 763 838 856 plebis
864 767 1099 832 nancisceretur
1121 803 1164 816 -
1193 765 1274 854 quid

301 878 426 946 dicam?
439 915 481 930 -·
497 878 667 948 consului
684 879 817 947 hoccine
836 896 873 945 ut
894 901 952 973 ego
970 875 1129 970 appellem
1142 881 1274 946 nomine

300 1015 455 1060 eversores
480 993 577 1060 buius
606 995 749 1084 imperii,
771 993 945 1084 proditores
969 994 1129 1086 dignitatis
1156 993 1274 1060 Rome-

299 1129 377 1188 nee,
398 1105 503 1174 hostes
521 1105 684 1174 bonorum
700 1105 874 1173 omniurn?
895 1109 953 1196 qui
974 1105 1017 1173 ed
1034 1103 1208 1174 delendum
1223 1131 1274 1174 se-

299 1237 427 1304 natum,
447 1221 655 1315 affligendum
674 1239 851 1311 equestrem
860 1223 1024 1306 ordinem,
1044 1220 1274 1315 exstinguenda

300 1337 408 1400 omnia
430 1336 501 1400 iure
525 1351 621 1425 etqru
647 1335 790 1402 institute
808 1336 983 1416 maiorum,
1005 1357 1038 1402 se
1059 1332 1122 1401 illie
1136 1332 1273 1400 seeeibue

299 1449 472 1536 ceterisque
502 1445 682 1540 insignibus
716 1450 833 1514 summi
863 1447 994 1514 honoris
1022 1463 1117 1536 eque
1150 1449 1273 1536 imperii

299 1576 427 1626 ornatos
449 1583 514 1628 esse
535 1559 784 1628 arbitrabantur.

343 1786 436 1852 XXI.
469 1786 522 1854 69.
544 1785 708 1854 Omnibus
726 1789 737 1830 ¹
757 1789 793 1854 in
812 1785 1021 1852 concionibus
1039 1783 1094 1850 ille
1110 1783 1192 1850 furis
1208 1783 1274 1850 cle-

298 1897 423 1982 mebet,
443 1925 493 1983 se,
515 1923 598 1990 quae
616 1899 731 1966 feceret
748 1917 860 1966 contre
878 1897 1014 1966 odotem
1030 1919 1151 1980 necem,
1173 1897 1274 1965 secere

299 2031 426 2082 auctore
453 2015 515 2080 Gn.
541 2005 711 2106 Pompeio,
729 2012 899 2080 durissimo
917 2014 1004 2095 viro,
1024 2013 1168 2100 mihique
1194 2014 1273 2078 emi-

298 2130 431 2195 cieeimo.
467 2111 515 2194 M.
537 2127 687 2210 Crassus,
706 2151 848 2217 quocum
860 2128 940 2194 mibi
959 2149 1069 2194 omnes
1086 2142 1177 2192 erent
1195 2127 1275 2192 emi-

298 2243 390 2309 citiee
418 2242 678 2325 necessitudines,
701 2244 751 2309 vir
773 2241 979 2325 fortissimus,
1012 2241 1054 2308 eb
1081 2241 1191 2307 eedem
1219 2237 1274 2304 ille

299 2371 385 2444 peste
409 2355 627 2423 inseeunimus
654 2379 719 2423 esee
747 2358 825 2423 meis
857 2355 994 2423 fortunis
1022 2355 1272 2446 praedicebatur.

299 2467 337 2535 C.
361 2465 486 2551 Quor,
508 2472 566 2559 qni
595 2495 614 2535 a
639 2493 691 2536 me
711 2467 804 2536 nullo
835 2493 907 2537 meo
925 2471 1040 2536 merito
1067 2467 1190 2536 alienus
1210 2491 1275 2536 esse

299 2580 455 2665 debebat,
475 2583 709 2650 inimicissimus
722 2606 788 2650 esee
803 2607 891 2650 meae
901 2582 995 2650 saluti
1007 2582 1049 2650 eb
1062 2583 1174 2650 eodorn
1191 2605 1274 2672 quo-

299 2695 425 2763 tidianis
433 2696 642 2764 concionibus
652 2695 827 2764 dicebatur.
851 2697 905 2762 70.
924 2697 981 2764 His
998 2719 1030 2764 se
1045 2695 1149 2762 tribus
1165 2713 1274 2762 ιιιοῑο-

299 2809 389 2877 ribus
408 2813 443 2876 in
460 2809 598 2878 consiliis
617 2811 794 2901 capiendis,
813 2809 1013 2877 adiutoribus
1027 2811 1061 2876 in
1084 2835 1117 2876 re
1138 2811 1275 2903 gerenda

299 2947 364 2990 esee
381 2948 519 2992 usurum
541 2925 683 3004 dicebet;
706 2949 743 2992 ex
771 2923 890 3013 quibus
914 2949 1020 2990 unum
1040 2923 1158 2990 habere
1185 2945 1275 2990 exer-

299 3037 399 3104 citum
425 3039 460 3103 in
483 3037 574 3103 ltalia
599 3039 792 3104 maximum:
813 3037 897 3120 duo,
919 3038 976 3126 qui
999 3039 1113 3126 privati
1135 3053 1206 3102 tum
1226 3059 1275 3102 es-

298 3168 386 3234 sent,
415 3169 448 3218 et
479 3169 601 3242 praesto
632 3175 698 3219 esee
720 3167 753 3219 et
776 3173 904 3242 parem,
939 3153 965 3216 si
993 3149 1127 3232 vellent,
1156 3153 1275 3217 exemi—

299 3281 370 3330 tum
390 3287 478 3354 posse
498 3265 595 3354 idque
616 3265 752 3332 facturos
775 3287 840 3332 esse
867 3262 1000 3330 dicebet.
1036 3263 1104 3330 Neo
1122 3263 1202 3328 mihi
1222 3261 1275 3330 iile

300 3375 455 3442 iudicium
480 3376 615 3468 populi,
647 3401 707 3445 nec
739 3377 912 3472 legitimam
933 3375 1072 3464 eliquam
1097 3378 1275 3442 contentio-

298 3513 389 3572 nem,
418 3513 478 3557 nec
498 3491 776 3580 disceptationem,
798 3507 854 3556 eut
879 3511 990 3555 mosee
1010 3489 1197 3571 dictionem,
1221 3489 1276 3554 sed

298 3605 376 3685 vim,
394 3627 499 3684 erma,
514 3606 685 3686 exercitus,
705 3605 921 3692 imperatores,
938 3619 1037 3668 cestre
1054 3599 1274 3668 denuntiabat.

300 3717 353 3779 71.
383 3717 471 3799 Quid
493 3715 592 3808 crgo?
615 3719 734 3782 inimici
750 3718 869 3796 oratio,
888 3739 971 3782 vene
992 3718 1191 3806 praesertim,
1210 3731 1276 3784 tem

301 3825 445 3916 improbe
460 3831 493 3893 in
514 3827 699 3895 clarissimos
717 3831 800 3894 viros
823 3831 980 3910 coniecta,
1003 3851 1054 3894 me
1069 3825 1190 3894 movit?
1221 3827 1276 3893 Me

302 3987 563 4000 --,-....--..-.....

336 4083 359 4150 ¹)
381 4086 443 4134 rste.
461 4099 484 4136 c.
505 4087 546 4134 rr.
567 4085 580 4149 r
599 4087 641 4134 so.
