2976 4900
703 361 747 426 ii

275 545 413 613 Amione
445 543 624 612 dementiae
650 541 712 610 hoe
742 544 913 634 praecipue
941 545 1024 634 peti,
1054 561 1092 612 ut
1119 543 1214 612 elicui

227 675 362 728 uuretor
382 659 530 741 deretur,
552 656 684 726 abunde
703 681 800 748 supra
821 657 1027 726 ostendimus.
1063 658 1216 726 Dubitari
1307 671 1313 686 '

226 776 426 864 vinpoteet,
449 769 546 838 telem
564 773 723 864 sotionem
742 788 853 838 eontra
875 788 999 862 petrem
1019 769 1100 840 lilios
1120 774 1215 840 insti-
1322 777 1329 794 '

227 889 338 955 tuisse.
385 887 454 954 Nec
474 884 567 954 heile
589 885 670 954 mihi
690 887 851 978 quispiam
872 886 988 954 infitias
1004 885 1080 970 ibit,
1105 911 1215 956 omnes

228 1015 394 1092 quotquot
414 999 475 1068 hue
494 1001 535 1067 de
550 1023 586 1068 re
599 997 828 1091 protulerimus
841 1003 1038 1070 narrationes
1052 1025 1091 1069 ex
1103 1001 1216 1070 eodem

228 1111 322 1180 sonte
351 1136 456 1206 eoque
482 1137 600 1204 perum
628 1112 763 1204 limpido
789 1135 855 1182 esse
877 1111 1042 1182 derivatos.
1082 1111 1216 1182 Constet

227 1233 329 1318 pu'rro
360 1233 403 1294 ex'
427 1225 505 1294 dth.
533 1227 629 1296 XIII.
651 1229 692 1317 p.'
708 1227 778 1294 ΒΜ
795 1226 990 1318 Sophoclem
1018 1229 1084 1294 iem
1107 1249 1216 1296 senem

228 1339 355 1406 amasse
366 1338 542 1414 Theoridi:
558 1355 608 1406 est
620 1340 720 1432 igitur
732 1339 841 1406 minus
855 1337 1025 1408 verisimile
1037 1363 1114 1408 eum
1128 1364 1215 1408 anno

228 1454 547 1547 eetetie'oetogesimo
561 1451 754 1543 Sophoclem
767 1469 928 1544 nepotem,
939 1456 1063 1546 quippo
1076 1479 1216 1546 pnertun

229 1565 465 1650 verosimiliter,
488 1565 664 1656 adeo‘pree
679 1567 789 1634 ceteris
806 1565 949 1636 dilexisse
953 1593 964 1646 3
982 1569 1039 1634 etsi
1053 1568 1117 1636 hoc
1131 1570 1216 1636 aoei-

228 1681 308 1748 dere
329 1682 444 1770 potuit.
481 1679 546 1748 Sed
573 1678 659 1748 idem
680 1677 867 1748 Atheneeus
891 1696 1001 1746 nerrm
1022 1679 1216 1771 sophoclem

230 1814 356 1876 mem,
376 1797 428 1864 isi
453 1797 586 1879 δυσμαῖς
604 1801 678 1864 isso
695 1799 752 1862 ree
769 1795 856 1880 βίον,
875 1817 994 1860 umesse
1016 1792 1217 1884 Archippum

229 1909 430 1976 meretricem
463 1929 599 1997 eamque
634 1913 807 1975 metuite
838 1903 1022 1997 'inpenderet
1053 1912 1111 1977 resi
1136 1908 1216 1994 tileo.

230 2019 343 2112 Aeque
360 2019 440 2102 hoc,
462 2021 499 2086 ni
518 2019 642 2112 egregie
662 2015 774 2100 fallor,
793 2019 965 2110 aegerrime
982 2017 1059 2086 tulit
1073 2017 1214 2109 Iophon,

230 2134 434 2226 instituitque
456 2133 499 2200 oh
521 2133 606 2200 hane
629 2134 733 2223 ipsam
756 2156 886 2200 causam
903 2132 1026 2223 ypepis
1043 2131 1216 2224 mulae.

231 2246 407 2338 Sophocles
428 2247 593 2338 respondit
611 2248 704 2338 quusi
720 2269 832 2314 revere
853 2247 1030 2312 &montiae
1051 2262 1216 2314 eouusetus

231 2378 266 2430 et
292 2360 385 2430 facile
415 2363 573 2453 permovit
602 2361 732 2428 iudieee.
779 2360 922 2428 remant
951 2377 1113 2450 praeterea
1139 2383 1216 2432 eum

231 2473 419 2569 praelegisse
436 2473 598 2542 indicibus
620 2471 786 2564 Oedipum
807 2497 904 2540 suum
923 2471 1123 2556 Coloneum,
1144 2491 1216 2542 tum

230 2589 312 2682 quie
328 2587 407 2656 haec
426 2604 473 2654 est
491 2611 559 2654 une
577 2609 595 2654 e
615 2587 781 2676 postremis
794 2588 916 2655 summi
935 2587 1063 2679 Tragici
1081 2585 1215 2671 subulis,

230 2719 306 2770 tum
323 2705 401 2794 quie
422 2701 470 2768 ihi
484 2703 580 2768 etiem
596 2702 771 2768 rixninter
787 2717 911 2790 petrem
927 2699 1078 2768 etlilium
1092 2723 1216 2768 memo-

231 2831 334 2884 retur.
380 2816 493 2900 Quum
521 2831 629 2905 postes
647 2811 840 2882 Pluterohus
860 2813 1000 2896 videret,
1022 2815 1131 2880 minus
1150 2837 1217 2884 esse

232 2927 405 2998 verisimile
432 2925 624 3019 Sophoclem
647 2928 791 2996 recitasse
818 2943 918 2994 totem
940 2924 1101 3010 subtilem,
1123 2925 1218 3021 elegit

230 3042 327 3134 quod
353 3041 414 3109 sihi
443 3041 605 3110 rideretur
636 3043 671 3108 in
701 3065 739 3109 ea
766 3039 1040 3132 pulcherrimum,
1069 3039 1215 3134 πάροδον.

231 3155 347 3246 Atque
363 3155 425 3222 hec
445 3156 567 3224 ratione
584 3152 784 3222 difficultates
802 3177 930 3238 omnes,
952 3156 979 3222 si
1000 3155 1083 3246 quid
1103 3156 1197 3223 video
1204 3203 1216 3237 ,

231 3275 307 3358 apte
337 3265 517 3340 solumtur.
555 3264 649 3334 Solus
679 3265 790 3334 Cicero
819 3266 859 3334 de
887 3281 952 3334 tote
980 3290 1015 3334 re
1040 3269 1218 3334 uueuretine

231 3379 359 3472 eliquid
384 3381 514 3450 videtur
540 3380 746 3473 cognovisse,
779 3379 870 3470 quod
893 3378 938 3448 oh
962 3381 1163 3472 propositum
1181 3381 1217 3446 in

231 3495 321 3563 libro
343 3495 384 3564 de
402 3495 573 3564 δοιιοαιιιῑο
594 3495 696 3562 tutius
717 3495 821 3562 omitti
842 3495 977 3586 prurit,

280 3610 439 3704 Ageiem
461 3609 626 3678 videamus
651 3608 693 3676 de
715 3631 823 3690 nuno,
849 3631 917 3699 quo
938 3603 1111 3698 Sophocles
1131 3605 1217 3674 diem

232 3719 352 3790 uhierit
364 3745 563 3815 supremum.
587 3724 699 3808 Quum
716 3720 947 3812 Aristophanes
957 3722 1063 3788 Renes
1079 3719 1217 3804 dooeret,

233 3842 301 3906 iem
323 3856 472 3908 mortuus
497 3856 565 3908 erat
586 3855 725 3930 uterque
747 3854 780 3906 et
798 3836 971 3928 Euripides
986 3851 1019 3904 et
1032 3834 1216 3927 Sophocles.

234 3949 363 4021 Fehrde
392 3964 462 4019 ueta
490 3970 556 4034 est,
587 3969 626 4018 ut
657 3952 806 4018 norimus
836 3972 876 4017 ex
909 3949 1129 4044 &gementu
1160 3947 1216 4018 01.

234 4063 359 4134 xcm.
394 4067 426 4134 t.
451 4067 504 4136 ert
522 4065 670 4159 Αηϋαίφς
688 4080 721 4134 es
737 4062 819 4132 obiit
838 4063 971 4156 quidem
990 4062 1104 4156 puelli
1125 4079 1217 4149 mse,
