2942 4902
737 342 778 408 to

270 549 374 614 Deam
388 569 488 637 quern
507 563 569 613 tros
583 569 715 629 sorores,
733 549 957 636 impunitatem
972 565 1018 616 oet
1030 546 1161 615 illorum
1174 571 1247 615 son-

271 653 376 728 ¹tentiis
394 677 574 743 essecutus,
592 663 651 753 qni
668 683 774 752 qutun
793 661 945 728 tribunus
959 661 1004 752 pl.
1023 683 1176 752 penore
1197 683 1248 727 se-

272 776 384 842 ditioso
408 777 471 842 nivi
494 773 677 865 perbonos
705 777 790 842 viros
813 775 932 854 iudicio
956 777 1104 867 persequi
1132 773 1246 857 vellet,

271 887 457 980 exemplum
481 887 768 981 praeclarissimum
793 891 829 954 in
851 906 1015 980 posterum
1038 888 1249 956 vindtmndu

271 1003 433 1071 reditionis
442 1003 483 1070 de
495 1027 532 1070 re
544 1002 676 1094 publica
689 1001 898 1090 sustulerunt.
922 1003 1011 1088 Quid
1023 1005 1033 1044 ¹
1048 1001 1166 1092 plura?
1180 1003 1249 1068 Ho-

272 1120 374 1184 mines
386 1139 464 1184 eum
478 1120 513 1184 in
530 1138 565 1184 re
587 1117 766 1184 foedissima
784 1116 1014 1184 defenderunt:
1029 1119 1249 1207 tnrpioeimum

272 1233 598 1324 nooentissirnumque
617 1231 805 1298 laudarunt:
823 1252 923 1322 prope
941 1231 1145 1298 oonlitentom
1172 1253 1250 1320 pro-

272 1362 345 1435 pter
360 1347 531 1434 peouniem
546 1345 663 1412 iudicio
678 1343 905 1411 liberaverunt.

318 1572 395 1638 Vll.
419 1573 472 1637 18.
495 1572 609 1662 lteqtre
623 1573 649 1651 ³,
672 1573 699 1636 si
723 1593 852 1638 mosem
873 1574 999 1663 quaeris
1023 1570 1249 1651 absolutionis,

274 1687 548 1779 egestesiudioum
556 1685 844 1778 firitaturpitnslo.
868 1687 1023 1754 ldeutem
1032 1703 1071 1753 ut
1088 1687 1251 1768 recideret,

273 1802 478 1868 commissum
486 1818 534 1867 est
547 1801 708 1868 Hortensii
718 1799 865 1882 oonsilio,
876 1802 951 1892 qni,
966 1801 1047 1867 dum
1056 1803 1175 1878 veritus
1185 1817 1250 1880 est,

273 1939 315 1983 ne
338 1913 452 1982 Fufius
474 1918 503 1982 ei
526 1914 587 2008 legi
609 1916 837 1994 intercederet,
859 1937 944 2005 quae
963 1937 1003 1981 er
1024 1931 1151 1982 senetur
1172 1937 1253 1979 oon·

273 2027 550 2110 anteferebatur,
572 2051 639 2094 non
666 2029 747 2094 vidit
770 2026 872 2108 illud,
897 2031 995 2094 satius
1020 2050 1086 2094 esso
1104 2025 1197 2093 illum
1218 2029 1250 2091 in

274 2140 405 2207 infernin
420 2139 560 2231 relinqui
577 2163 613 2206 eo
626 2139 775 2206 sordibus
784 2161 886 2231 qunnr
895 2139 1023 2207 infinno
1032 2141 1150 2206 iudieio
1164 2163 1254 2206 oom-

274 2255 368 2319 mitti.
402 2253 467 2321 Sed
494 2253 611 2320 dumus
632 2253 706 2319 odio
735 2257 918 2344 properavit
946 2277 1014 2321 rem
1037 2255 1194 2322 deducere
1218 2255 1252 2318 in

275 2368 442 2449 indicium,
465 2389 570 2458 quum
593 2363 688 2432 illurn
710 2365 864 2457 plumbeo
888 2365 994 2460 gladio
1012 2364 1196 2460 iugulatum
1214 2369 1253 2432 iri

274 2497 382 2546 temen
408 2479 535 2545 diceret.
573 2479 626 2544 19.
648 2478 712 2546 sod
733 2481 909 2561 iudicium,
935 2482 962 2547 ri
988 2481 1130 2572 qinons,
1158 2477 1254 2571 qnnle

275 2591 388 2658 inerit:
407 2589 588 2658 ine-edibili
609 2593 717 2670 exitu3
738 2595 800 2672 sic,
823 2593 871 2658 uti
893 2615 985 2658 nuno
1010 2615 1050 2658 ex
1073 2607 1192 2659 mentis
1210 2591 1254 2657 sb

263 2705 364 2787 ¹eliis,
388 2731 407 2772 a
429 2727 482 2772 nte
504 2722 669 2772 temones
694 2708 763 2796 ipso
787 2707 878 2771 initio
898 2704 1070 2772 eonsilium
1094 2705 1254 2772 Hortensii

276 2819 537 2908 reprohendnmr.
577 2819 662 2886 Nem
689 2837 738 2886 ut¹
752 2821 877 2886 reiectio
899 2817 981 2884 lecte
999 2836 1045 2885 est
1061 2817 1255 2886 olmoribus

276 2935 438 3014 maximis,
449 2957 555 3023 quum
570 2949 743 3016 eccumtor,
756 2950 922 3024 tamquam
938 2931 1179 3012 oensorhonus,
1194 2931 1255 2996 ho-

277 3047 379 3112 mines
402 3047 611 3137 nequissimos
639 3048 793 3128 reiioeret,
819 3069 892 3112 reus
917 3061 1083 3136 tamquam
1116 3042 1255 3110 clemens

276 3158 389 3226 lanista
407 3157 656 3252 frugalimimum
675 3181 839 3251 quomque
858 3173 1048 3240 secerneret,
1065 3159 1256 3248 ntprimum

278 3273 396 3338 iudices
423 3273 654 3354 consederunt,
681 3271 776 3339 valde
798 3271 941 3338 diffidere
966 3270 1047 3337 boni
1070 3287 1254 3360 ooeporunt.

277 3387 353 3452 Non
373 3386 461 3451 enim
481 3407 628 3476 unquam
651 3387 778 3476 turpior
800 3387 835 3452 in
859 3383 938 3452 ludo
958 3383 1070 3452 talario
1092 3407 1255 3450 oonsessus

277 3499 347 3566 fuit
386 3497 543 3565 Mssulosi
569 3515 742 3581 senatores,
765 3499 846 3566 nudi
873 3501 1011 3592 equites,
1038 3497 1163 3589 tribuni
1187 3521 1255 3564 non

277 3630 344 3680 tem
359 3615 470 3698 temti,
486 3637 598 3704 quam,
610 3629 649 3680 ut
661 3611 876 3703 appellantur,
890 3613 1012 3680 rem-ii
1037 3613 1136 3681 Petrei
1149 3622 1255 3678 temen

277 3726 356 3792 boni
371 3729 513 3810 inerant,
535 3751 616 3818 quos
633 3729 801 3794 reiectione
815 3725 926 3820 fugare
941 3725 995 3793 ille
1007 3749 1076 3794 non
1094 3741 1254 3817 potuerat,

278 3841 335 3929 qui
354 3842 463 3906 maesti
488 3842 571 3907 inter
589 3841 639 3906 sui
665 3837 829 3906 dissimiles
854 3855 886 3905 ot
907 3855 1082 3907 maerentes
1096 3833 1255 3906 ¹sedebant

274 3991 471 4002 -ιι--ι--ω

313 4062 333 4128 ¹)
352 4067 382 4116 do
401 4066 505 4128 Harurp.
526 4079 590 4129 resp.
614 4081 636 4116 c.
661 4065 701 4114 18.
724 4061 736 4130 i
756 4067 798 4114 38.
818 4091 853 4102 -
871 4065 894 4130 ¹)
915 4068 944 4116 ad
963 4067 1012 4116 ru.
1035 4066 1056 4116 1.
1080 4065 1121 4114 tt.
1143 4060 1201 4131 §2
