2862 4894
732 289 785 349 ’50

274 472 473 562 persuturum
498 484 676 562 putassent,
706 484 859 561 quantum
883 468 1135 540 inbuitae'oaedi
1159 470 1254 538 resti·

273 589 377 668 tisset,
408 601 530 654 tuntum
561 602 665 654 autem
692 587 801 664 Urbis,
831 600 983 678 quantum
1014 587 1140 652 flamme
1163 587 1253 652 obire

272 723 334 766 non
358 705 523 796 potuisset,
547 716 579 769 et
605 701 723 769 Urbem
745 717 778 768 et
796 701 885 768 eires
909 703 1045 790 integros
1065 700 1253 770 incolumes-

272 839 334 906 que
358 819 485 885 serrari.
536 819 608 884 125,
632 818 671 884 ttt
694 809 719 899 ¹,
745 819 770 882 si
794 838 855 882 non
883 817 985 882 minus
1009 815 1098 881 nobis
1121 815 1252 882 iucundi

270 945 365 1021 atque
389 932 522 998 illustret
546 933 618 998 §urit
636 913 1135 1022 ii'iiiis,‘quibus'eortserr‘am‘nr,¹
1157 953 1251 1020 quam

270 1047 315 1111 itti
327 1047 475 1136 ,quibus
500 1049 675 1128 nascimur3
702 1045 787 1152 quod
811 1047 917 1112 salutis
941 1055 1024 1110 certa
1048 1043 1167 1110 laetitia
1191 1057 1250 1122 est,

270 1162 417 1228 nascendi
443 1164 560 1227 incerta
584 1145 742 1240 conditio,
778 1175 810 1226 et
834 1161 965 1252 quud
942 1184 1007 1228 stne
1031 1179 1120 1224 sensu
1154 1159 1251 1226 nasei-

270 1299 359 1356 mur,
393 1299 465 1343 curn
495 1253 678 1375 voluptate
690 1296 866 1342 servamur:
900 1277 1066 1366 proiecto,
1100 1276 1250 1365 quoniam

270 1391 373 1469 iilum,
399 1393 473 1481 qui
479 1390 560 1465 hanc
585 1359 694 1458 urbem
720 1358 873 1471 condidit,
895 1395 937 1476 pd
960 1389 1034 1456 deos
1059 1389 1249 1455 immortales

269 1507 487 1573 benevolentia
508 1509 682 1600 famaque
691 1507 889 1600 sustptirque,
914 1528 978 1598 qsse
1003 1527 1087 1572 nune
1109 1517 1141 1570 et
1164 1505 1247 1594 apud

268 1635 407 1710 posteros
431 1623 462 1687 in
488 1623 605 1688 honore
628 1622 759 1688 debebit
782 1624 827 1703 is,
853 1622 909 1710 qui
932 1619 1073 1686 eamdem
1096 1619 1178 1685 hano
1195 1642 1248 1684 ur·

268 1735 339 1802 bem
364 1735 521 1803 conditam
553 1739 841 1828 amplificatamque
873 1739 1013 1803 servarit.
1062 1739 1133 1802 126.
1164 1735 1247 1802 Sit²

264 1846 373 1939 Scipio
397 1852 499 1917 clarus
534 1853 877 1933 itte,=euius=eansitio
900 1865 1002 1941 atque.
1018 1851 1135 1917 virtute
1158 1849 1247 1922 Hen-

265 1963 353 2032 nibal
378 1967 411 2032 in
435 1965 574 2033 Airioam
606 1967 709 2036 redire
732 1981 827 2057 atque
850 1991 885 2032 er
909 1967 1000 2034 ltalia
1022 1965 1174 2032 decedere
1195 1987 1249 2032 co·

264 2091 353 2144 aetus
376 2092 441 2146 est:
479 2093 609 2148 ornetur
633 2083 711 2148 alter
733 2083 845 2148 eximia
873 2080 966 2148 laude
990 2081 1167 2160 Africanus,
1192 2081 1248 2170 qui

265 2193 341 2259 duaa
380 2195 471 2261 urbes
507 2194 583 2262 huie
618 2197 753 2286 imperio
788 2195 1001 2262 infestissimas
1023 2193 1248 2284 Karthaginem

263 2305 533 2398 Numantiamque
553 2309 689 2378 delerit:
718 2311 868 2377 habeatur
886 2311 932 2375 sir
951 2310 1092 2400 egregius
1102 2307 1139 2376 L.
1153 2309 1247 2374 Paul·

263 2423 312 2488 lus
336 2424 410 2502 ille,
442 2425 532 2490 euius
555 2447 683 2492 currum
708 2448 760 2490 rea
784 2424 1017 2514 potentissimus
1035 2422 1191 2512 quondam
1216 2435 1248 2490 et

263 2537 492 2630 nobitissinaus,
518 2539 624 2606 Perses
652 2539 846 2605 honestavit:
882 2539 922 2602 sit
946 2539 977 2604 iu
1001 2552 1125 2605 aeterna
1149 2539 1245 2626 gloria

263 2647 396 2728 Marius,
427 2654 482 2741 qni
509 2653 556 2718 bis
589 2653 713 2720 ltaliam
738 2652 900 2719 obsidione
923 2665 954 2716 et
978 2664 1063 2716 metu
1087 2652 1246 2718 servitutis

263 2767 425 2832 liberarit:
458 2779 666 2855 anteponatur
699 2767 843 2833 omnibus
875 2767 1061 2856 Pompeius,
1087 2767 1175 2832 euius
1198 2789 1246 2832 ree

262 2891 365 2966 gestae
388 2893 487 2968 atque
509 2881 640 2970 virtutes
663 2880 788 2958 iisdem,
817 2882 931 2970 quibus
954 2880 1025 2948 solis
1048 2903 1172 2961 cursus,
1196 2903 1246 2946 re·

261 2993 405 3079 pinnibus
429 3016 465 3058 ao
489 2995 631 3060 terminis
656 2995 868 3063 eontinentur.
904 2996 974 3062 Erit
998 2993 1140 3084 protento
1164 2995 1247 3058 inter

263 3107 375 3173 horum
400 3108 506 3174 laudea
528 3108 736 3198 aliquid-inei
761 3124 883 3178 nostrae
905 3111 1041 3202 gloriae:
1080 3109 1139 3174 nisi
1164 3107 1245 3176 forte

262 3220 361 3286 ma'iue
385 3234 434 3290 est
453 3221 630 3313 patefacere
655 3225 744 3290 nobie
767 3225 963 3316 promemus,
980 3229 1050 3311 ‘quo
1074 3223 1157 3316 eqire
1172 3243 1245 3310 pos·

260 3337 371 3412 simus,
395 3359 490 3425 quam
516 3360 643 3418 curare,
672 3353 707 3404 ut
729 3339 825 3404 etiam
851 3339 922 3418 illi,
955 3338 1011 3426 qui
1035 3336 1168 3412 absunt,
1192 3333 1246 3398 ba-

261 3451 375 3528 beant,
412 3475 475 3541 quo
511 3455 643 3518 victores
679 3465 885 3520 revertantur.
936 3453 1011 3518 127.
1047 3453 1245 3538 Quamquam

261 3580 306 3632 est
332 3589 392 3632 uno
419 3568 487 3634 iooo
511 3569 653 3636 conditio
670 3567 779 3634 melior
801 3581 947 3633 externae
971 3565 1132 3643 uictoriae,
1150 3584 1243 3654 qnam

260 3679 469 3760 domesticae,
494 3681 580 3771 quod
606 3681 708 3748 hostes
732 3681 923 3770 alienigenae
947 3693 1001 3746 aut
1020 3679 1159 3768 oppressi
1178 3701 1243 3746 aer·

260 3794 369 3873 aiunt,
396 3808 450 3860 aut
474 3797 594 3883 recepti
619 3796 775 3862 beneficio
798 3819 830 3860 se
858 3795 1012 3883 obligatos
1036 3807 1163 3884 putant:
1186 3803 1243 3882 qui

267 3963 434 3974 σι’-..ἠ

294 4055 316 4120 ι)
338 4057 393 4108 tera.
412 4073 433 4106 e.
454 4055 475 4105 t.
494 4058 507 4122 t
525 4054 547 4107 2.
567 4083 598 4094 -
617 4055 640 4122 ι)
658 4059 681 4106 u
698 4057 786 4109 cantra.
807 4059 844 4108 rr.
863 4076 884 4109 ο.
905 4058 944 4108 10.
962 4060 975 4126 t
993 4057 1033 4108 ur.
1128 4033 1130 4038 ’
