2976 4900
661 375 724 439 ll7
786 473 787 481 ἵ

267 583 333 626 non
361 560 493 627 auderet
517 559 766 650 reprehendere,
795 559 926 628 laudare
948 565 1100 652 coepisse,
1123 587 1181 629 nos

266 691 304 742 ut
331 676 469 741 ostendit
495 675 671 742 admodum
699 673 816 768 diligit,
840 675 1057 767 amplectitur,
1079 694 1180 758 emat,

200 789 254 854 65.
266 804 374 878 aperte
391 785 516 870 laudet,
538 787 680 872 occulte,
701 789 757 856 sed
777 791 819 856 ite
839 809 877 857 ut
895 791 1103 881 perspicuum
1124 794 1180 871 sit,

265 902 397 970 invidet.
442 901 534 969 Nihil
555 925 661 986 come,
682 901 767 970 nihil
789 901 941 994 simplex,
963 901 1046 970 nihil
1065 904 1101 970 de
1118 906 1182 978 τοῖς

264 1019 427 1096 πολιτικοῖς
446 1017 635 1101 honestum,
654 1017 737 1086 nihil
753 1015 894 1100 illustre,
916 1017 998 1086 nihil
1015 1017 1109 1098 sorte,
1127 1016 1181 1080 ni-

265 1129 312 1198 hil
330 1129 480 1198 liberum.
522 1133 586 1202 Sed
608 1133 688 1199 haec
707 1133 749 1200 ad
769 1149 800 1200 te
818 1133 956 1200 scribam
977 1131 1053 1199 alias
1074 1129 1181 1198 subti-

264 1241 342 1323 lius3
370 1269 448 1312 nam
472 1270 580 1338 neque
603 1247 710 1312 adhuc
735 1247 814 1312 mihi
843 1249 917 1313 satis
941 1247 1017 1312 note
1047 1261 1124 1312 sunt
1149 1259 1180 1310 et

197 1356 340 1424 70.huic
363 1363 464 1424 terrae
489 1358 556 1424 lilio
585 1362 691 1458 nescio
715 1361 767 1426 cui
792 1362 990 1426 committere
1013 1355 1180 1449 epistolum

264 1471 358 1537 tentis
375 1471 415 1538 de
433 1471 529 1540 rebus
548 1497 615 1540 non
635 1473 748 1540 audeo.
795 1475 827 1538 5.
851 1473 1033 1540 Provincias
1053 1486 1179 1561 praeto-

263 1607 311 1650 res
329 1585 478 1652 nondum
494 1589 595 1652 sortiti
613 1603 700 1654 sunt.
745 1585 808 1651 Res
825 1585 939 1651 eodem
956 1601 1003 1650 est
1020 1583 1096 1665 loci,
1111 1609 1178 1674 quo

263 1697 428 1790 reliquisti.
471 1696 682 1777 Τοποθεσίαν,
703 1723 802 1790 quam
823 1695 983 1788 postulas,
1009 1699 1124 1766 Miseni
1148 1715 1180 1763 et

262 1810 472 1878 Puteolorum
499 1809 664 1878 includam
690 1813 825 1877 orationi
853 1807 952 1877 mese.
1002 1809 1043 1875 A.
1073 1807 1105 1874 d.
1129 1809 1178 1874 ΙΙΙ

249 2017 252 2024 ’
274 2001 453 2074 postquem
475 1990 606 2053 Orellius
629 1993 661 2052 in
683 1992 792 2054 onom.
817 1991 897 2054 Tull.
918 2015 949 2076 p.
967 1991 1025 2054 471
1050 2003 1080 2052 et
1098 1989 1179 2052 hbe-

273 2097 368 2158 lenus
389 2119 438 2181 op.
455 2097 479 2160 l.
498 2120 530 2181 p.
549 2098 587 2158 st
610 2097 649 2158 ad
670 2097 845 2182 Pompeium
866 2097 1029 2160 redierunt.

192 2204 245 2266 6³.
267 2208 484 2284 reprehendere,
509 2223 555 2265 res
581 2226 599 2266 e
624 2204 765 2266 Cicerone
792 2203 915 2266 consule
941 2214 1050 2288 gestas,
1072 2213 1107 2265 ut
1128 2225 1178 2288 ap-

274 2322 359 2395 paret
379 2333 417 2374 ex
436 2313 520 2396 epist
542 2331 602 2396 seq.
624 2310 646 2395 §
672 2311 761 2373 1-s.
804 2309 914 2372 llullus
934 2307 1011 2373 liber
1031 2309 1080 2372 Hs.
1101 2310 1179 2372 lavet

275 2419 388 2480 Faerno
411 2433 480 2481 ente
500 2417 559 2480 hoc
579 2417 704 2481 verbum
725 2441 775 2479 nos
794 2417 947 2482 scribenti.

191 2525 241 2588 69.
263 2549 354 2604 neque
379 2529 473 2585 adhue
499 2530 569 2586 mett
598 2537 671 2586 sotts
696 2543 763 2587 nota
791 2541 868 2586 sunt.
912 2525 1070 2609 Pompeius
1094 2526 1177 2586 enim

274 2629 402 2693 vixdum
422 2651 461 2691 cx
488 2631 558 2692 Asis
585 2631 619 2690 in
647 2627 753 2691 urbem
778 2631 922 2704 redieret,
950 2651 1048 2716 neque
1068 2631 1105 2692 de
1123 2653 1176 2704 co,

271 2735 355 2821 quod
376 2747 496 2797 acturus
516 2747 595 2807 erat,
616 2747 732 2797 certum
753 2735 895 2798 affirmari
916 2747 1041 2821 poterat.

190 2843 240 2905 70.
262 2859 356 2902 terrae
367 2845 445 2920 filio.
487 2841 536 2902 Sic
550 2839 744 2925 appellantur
756 2839 894 2902 homines
908 2837 1035 2902 obscuri.
1056 2839 1100 2902 Cf.
1114 2839 1175 2902 cic.

273 2951 353 3011 Fam.
370 2947 443 3019 vll,
463 2948 500 3024 9,
518 2947 548 3009 3.
591 2948 668 3008 Pers.
691 2947 750 3008 Set.
771 2947 826 3024 vl,
845 2947 886 3008 56
900 2967 981 3031 seqq.
1003 2949 1176 3032 interpretis

273 3059 367 3118 vicem
387 3065 518 3140 praestat
537 3053 741 3116 Tertullianus
762 3053 889 3138 Apolog.
914 3052 968 3114 10:
992 3071 1086 3114 terrae
1094 3057 1176 3131 filios

273 3170 372 3244 vulgus
393 3179 487 3234 socos,
508 3183 627 3240 quorum
647 3183 738 3240 genus
758 3173 897 3222 incertum
918 3177 977 3238 est,
1002 3159 1084 3221 unde
1103 3179 1176 3242 pro-

271 3271 342 3332 fecit
366 3269 515 3332 linncius
544 3267 628 3330 Felix
658 3269 692 3328 in
722 3267 861 3344 Octavio,
888 3266 944 3339 22,
975 3267 1028 3328 ubi
1055 3263 1174 3326 scribit:

272 3377 409 3456 ignobiles
429 3393 459 3437 et
479 3384 591 3456 ignotos
612 3391 706 3436 terrac
717 3377 800 3451 filios
820 3383 1005 3434 nominamus.

189 3483 240 3546 72.
261 3485 320 3544 Res
344 3489 440 3544 eodem
466 3500 511 3543 est
538 3489 600 3542 loct.
641 3478 789 3542 Adversis
818 3503 851 3540 cn
882 3491 912 3542 et
940 3485 1036 3540 eodem
1064 3499 1177 3561 semper

270 3603 387 3654 motum
410 3589 563 3662 indicant,
583 3600 619 3650 ut
634 3598 740 3650 contra
755 3589 907 3650 hundium
923 3585 1028 3648 docuit
1043 3585 1073 3646 F.
1085 3567 1176 3646 lienis

270 3699 304 3758 in
331 3697 411 3756 Dior.
438 3697 544 3779 Antiq.
578 3693 672 3767 18³8,
703 3717 734 3780 p.
763 3693 835 3756 268.
877 3692 932 3754 Sed
960 3715 993 3752 eo
1021 3697 1074 3750 loci
1101 3690 1176 3774 (cic.

270 3805 339 3864 Sest.
356 3803 412 3873 ³1,
437 3801 491 3881 68)
519 3813 549 3863 et
570 3805 668 3862 eodem
688 3807 742 3860 loct
758 3803 883 3884 ponitur
905 3799 943 3860 de
964 3821 1015 3870 eo,
1035 3797 1116 3882 quod
1134 3809 1178 3860 est

272 3913 305 3972 in
333 3909 411 3971 loco.
450 3909 516 3970 vid.
541 3907 653 3970 lisndii
678 3909 759 3969 Turs.
786 3907 832 3979 ll,
859 3929 890 3990 p.
919 3903 979 3966 410
1004 3915 1034 3964 et
1060 3903 1117 3966 421
1147 3913 1177 3964 et

270 4016 367 4077 linarii
389 4013 492 4074 adnot.
515 4014 575 4074 534
597 4013 634 4074 ad
657 4011 779 4093 lleisigii
801 4010 931 4072 scholas.
962 4013 965 4022 ⁴

188 4123 237 4184 74.
260 4127 390 4182 Orationi
410 4143 497 4180 mene.
533 4121 629 4193 Quam
643 4119 726 4182 dicat
739 4117 920 4190 orationem,
934 4137 998 4179 non
1012 4115 1123 4200 liquet;
1143 4117 1175 4176 in
