2940 4920
653 395 693 458 63

183 598 244 665 que
262 577 387 666 scripsit
408 581 485 666 net
507 583 621 664 βωμῶν
640 583 691 648 καὶ
711 587 843 664 θυσιῶν,
863 585 961 674 quarti
980 584 1158 676 pleniorem

181 689 280 778 operis
302 687 435 755 titulum
460 692 642 780 suppeditat
664 694 894 785 Harpocration
920 723 952 767 r.
972 698 1158 785 Ἀμαζόνων.

178 800 228 866 Gi.
254 802 299 867 id.
315 827 349 868 v.
363 799 471 886 Θόλος,
487 827 520 870 v.
535 804 677 894 Ἑσχᾶρα,
693 806 888 878 Ammonius
905 811 946 878 'de
960 811 1029 878 diff.
1044 813 1156 880 vocah.

177 937 207 980 v.
224 915 340 1001 Βωμὸς
354 939 389 1004 p.
410 917 470 998 33,
485 914 671 984 Athenaeus
689 921 750 987 xl.
773 945 807 1010 p.
831 923 896 990 476
915 923 953 990 F.
969 923 1156 1018 Argamu-

177 1033 1156 1124 tumigimrsispectes‚causanullaestcurexeodem

176 1145 263 1212 fonte
284 1145 426 1214 hausisse
442 1144 575 1215 Pmulus
591 1149 693 1216 rideri
711 1169 859 1242 nequeat.
891 1153 1032 1220 Patriam
1048 1171 1156 1223 autem

175 1263 199 1326 si
221 1261 360 1351 quaeris,
379 1257 525 1328 Atticum
546 1262 648 1328 civem
665 1262 763 1331 fuisse
777 1264 992 1334 Ammoniuru
1008 1291 1027 1332 a
1046 1291 1154 1361 gram

175 1376 290 1440 maticc
307 1373 484 1440 Ammonio
501 1373 616 1458 diseas,
638 1379 698 1467 qui
718 1375 741 1443 l.
764 1377 787 1444 l.
812 1375 976 1465 c‘uaimpes
993 1379 1054 1447 sihi
1075 1384 1154 1448 scu'-
1187 1388 1190 1396 '

174 1505 297 1578 ptem
326 1491 501 1580 Λαμπτρέα
523 1507 626 1556 vocat.
668 1495 841 1580 Aapmpat
863 1493 949 1558 enim
975 1497 1073 1581 δῆμὸς
1099 1499 1155 1583 τῆς

172 1601 371 1693 beffiae.
402 1604 662 1670 Alexandrinum
683 1603 951 1687 dixitGesucsus,
968 1605 1153 1696 quodVos-

173 1719 236 1783 sius
263 1715 390 1806 (th.
419 1741 451 1806 p.
481 1717 546 1782 383
574 1717 759 1804 Westsrm.)
788 1741 894 1807 quum
920 1735 1049 1811 negaret
1069 1737 1154 1788 recte

173 1827 303 1911 factum,
325 1830 415 1894 auxit
435 1827 531 1896 simul
553 1830 671 1894 iniuria
693 1851 867 1895 numerum
883 1833 1090 1920 scriptorum,
1113 1831 1153 1898 de

172 1965 313 2031 querum
334 1955 434 2009 ceute
450 1939 533 2008 nihil
549 1959 686 2008 censat:
704 1965 782 2010 nam
798 1944 851 2010 vix
863 1941 1002 2010 dubium
1013 1959 1059 2010 est
1069 1946 1151 2033 quin

171 2053 387 2144 Lamptmnsis
409 2055 603 2122 Ammonius
619 2058 645 2124 is
660 2056 758 2123 fiterit
774 2055 950 2131 Aristarchi
962 2054 1151 2148 discipulus,

171 2169 262 2235 craius
289 2167 387 2259 plura
412 2171 529 2260 scripta
556 2167 732 2238 laudantur
753 2173 788 2236 in
809 2167 936 2238 scholiis
958 2171 1151 2254 Homericis,
1290 2185 1294 2195 ’

170 2283 294 2373 quique
315 2283 359 2346 ita
380 2281 442 2348 suit
463 2281 695 2368 Aristarchcus,
717 2289 755 2351 ut
776 2287 971 2375 praeceptori
987 2287 1022 2351 in
1044 2283 1152 2352 schola
1206 2285 1211 2296 “

170 2397 361 2486 successerit.
383 2395 461 2462 Vid.
484 2395 590 2464 Schcl.
614 2397 705 2465 Iliad.
735 2425 762 2466 ν.
785 2397 859 2465 397.
893 2391 1003 2490 Α’ῑφιθ
1024 2399 1069 2465 sic
1089 2397 1151 2465 ha·

169 2508 237 2577 bari
259 2525 384 2601 poterat
405 2509 598 2577 Ammonius
614 2513 700 2581 θέσει
717 2513 784 2599 μὲν,
800 2529 839 2578 ut
855 2511 981 2592 dicitur,
999 2515 1150 2580 Alexan-

169 2625 294 2707 drinus,
316 2619 407 2714 picas
424 2624 460 2692 tt
474 2623 689 2689 Atheniensis.
717 2621 827 2691 Simile
849 2623 930 2715 quid
945 2623 1150 2692 Aristarchus

169 2759 276 2824 passus
299 2751 347 2804 est
366 2733 486 2826 aliique
507 2733 591 2802 hene
612 2734 717 2802 multi.
752 2735 836 2803 Illuc
858 2737 963 2803 redeo.
999 2735 1149 2804 Alterum

168 2846 314 2936 ἐξηγῇ-ἦν
323 2853 386 2916 τῶν
398 2847 535 2938 πατρίων
551 2873 655 2938 quum
672 2847 805 2916 Procius
821 2847 998 2916 laudaverit
1010 2847 1147 2916 Ammo-

169 2960 275 3040 nium,
293 2975 365 3026 tum
381 2960 518 3048 scripsit:
532 2992 573 3010 -·
587 2960 630 3038 aie
642 2957 751 3045 Φιλόχ.
768 2959 844 3047 λέγει
858 2963 908 3028 sei
924 2956 1147 3046 Ἀμμώνιος,

169 3065 384 3154 ἀμφότεροι
400 3067 541 3155 &mai
556 3071 619 3134 τῶν
637 3066 771 3150 πατρίων
788 3069 901 3153 bipes.

634 3257 678 3324 11.

209 3423 274 3506 Qui
297 3423 331 3486 in
353 3419 508 3511 Stephani
529 3419 679 3511 Epitome
700 3423 879 3512 saepissime
901 3419 1052 3488 laudatur
1074 3421 1144 3484 Kc-

166 3541 253 3622 ρικῶν
274 3551 385 3600 auctor
406 3531 616 3624 Apollonius,
639 3557 716 3600 cum
738 3533 852 3602 Suidas
875 3533 1144 3622 docctApirodt-

167 3653 297 3711 siensem
325 3645 436 3728 firisse,
465 3669 532 3737 quo
553 3645 624 3712 loco
646 3647 741 3713 etiam
763 3648 840 3736 Περὶ
863 3645 1026 3735 Τραλλὲων
1046 3659 1144 3736 atque

170 3761 241 3846 Περὶ
262 3757 395 3846 Ὀρφέως
415 3761 541 3827 καὶτῶν
558 3763 683 3827 τελετῶν
702 3758 799 3827 αὐτοῦ
818 3759 975 3847 scripsisse
996 3757 1142 3824 traditur.

167 3869 214 3935 Cf.
242 3869 366 3936 Eudoc.
394 3895 419 3936 s.
446 3897 478 3936 v.
506 3895 538 3960 p.
568 3873 620 3938 50.
665 3871 763 3956 Quod
790 3871 893 3936 cidem
914 3871 1030 3939 Κνίδου
1050 3874 1144 3942 κτίσιν

167 3983 287 4076 (Steph.
303 4010 336 4052 v.
364 3981 540 4074 Ψυπῆριος)
562 3983 676 4050 tribuit
697 3983 964 4052 Westarmannus
986 3985 1027 4050 ad
1049 3983 1140 4051 Voss.

168 4120 197 4183 p.
226 4097 288 4162 397
318 4121 352 4163 n.
381 4097 441 4176 88,
470 4098 503 4162 in
533 4121 570 4162 co
591 4095 688 4164 salsus
710 4113 771 4162 est:
795 4119 871 4162 nam
893 4113 931 4162 ut
952 4095 1030 4162 alias
1051 4118 1141 4162 com·
1236 4099 1241 4112 '
