2940 4900
638 383 701 445 177

271 567 411 650 afficere,
435 583 531 658 atque
555 565 706 656 adjuvlrs
729 569 764 630 iu
786 565 884 632 rebus
906 563 1072 632 dmnihus:

269 699 299 748 et
319 683 357 748 rit
379 673 670 771 remotionesque
691 697 871 748 vestrorum
892 681 1042 746 omnium

269 794 354 861 bene
374 794 523 884 expedire
543 793 637 861 volus
660 817 855 887 perogrsque
876 797 908 859 et
929 793 1033 873 domi,
1131 791 1162 854 5.

270 907 423 998 bondque
445 923 544 998 etque
564 905 672 998 amplo
695 909 823 974 suumne
844 906 1003 996 perpetud
1023 901 1114 970 luero

271 1044 414 1112 quosque
427 1023 607 1110 incoepistis
620 1026 680 1104 res,
696 1044 843 1113 quosque
856 1016 1095 1109 incoeptdbitis:

271 1151 302 1200 et
324 1136 373 1200 nd
394 1133 489 1200 bonis
512 1157 568 1202 ros
590 1137 778 1226 rdstrosque
800 1157 910 1201 omnes
932 1133 1055 1200 nuntiis

271 1269 322 1312 me
334 1245 460 1314 afficere
474 1245 579 1330 voltis,
593 1251 630 1314 sa
647 1247 826 1340 [os]seram,
841 1271 878 1314 eo
891 1248 940 1313 uti
952 1245 1111 1326 nuntiem,

274 1383 358 1450 quae
368 1361 551 1426 mdximein
562 1363 779 1427 remrdstmm
786 1361 1094 1428 communimsient:
1112 1357 1171 1444 to.

272 1472 362 1562 (nam
374 1473 431 1542 vde
446 1473 580 1564 quidem
594 1473 628 1538 td
642 1477 707 1563 jam
722 1475 804 1540 scitis
818 1495 1003 1540 eoncessum
1012 1469 1166 1538 dtdntum

267 1567 316 1652 'mi
331 1609 395 1664 esse
410 1585 453 1654 ib
465 1587 514 1654 dis
527 1585 605 1670 aliis,
620 1587 742 1654 nuntiis
757 1589 893 1678 praesim
905 1591 937 1652 et
949 1583 1071 1672 lucroz)

272 1698 350 1766 haec
370 1702 409 1766 rit
429 1723 482 1766 me
504 1699 598 1766 voltis
619 1699 813 1790 dpprobare,
836 1723 872 1764 ac
894 1701 989 1766 nitier
1020 1741 1032 1761 .

751 1817 871 1826 ...—

182 1851 269 1936 vulgi
284 1854 413 1914 sermoni
432 1853 572 1937 proxima
592 1864 643 1914 est.
664 1853 740 1914 Puto
757 1873 812 1936 pro
820 1859 926 1912 metum
937 1850 1098 1936 legendum
1108 1868 1166 1910 esse

186 1965 312 2030 merum,
330 1959 412 2043 quod
437 1959 538 2020 eodem
558 1979 645 2020 sensu
657 1959 739 2043 apud
756 1969 891 2020 nostrum
906 1959 1035 2019 occurrit
1036 1999 1126 2017 ......

224 2065 273 2126 Vs.
291 2065 320 2126 t.
341 2063 458 2126 llalim:
479 2083 508 2124 et
530 2067 590 2136 nsi,
611 2075 647 2126 ut
666 2085 739 2127 mox
757 2085 799 2126 ss.
819 2063 848 2126 8.

225 2171 273 2232 Vs.
295 2173 325 2233 6.
349 2169 470 2232 Plenius
484 2170 560 2232 soret
579 2170 776 2255 planiusque:
801 2172 869 2232 bene
891 2192 936 2231 me
957 2171 1091 2250 expedire
1105 2173 1170 2227 uol-

186 2285 233 2338 er's.
258 2275 343 2338 Nihil
358 2287 459 2337 temen
473 2287 596 2338 mutem.

226 2383 275 2444 Vs.
296 2381 326 2444 9.
348 2387 401 2443 Me
421 2385 536 2458 afficere
552 2389 657 2454 uoltis,
674 2391 709 2442 ein
718 2383 833 2462 serum,
852 2385 888 2442 eu
901 2389 945 2442 uts'
958 2381 1095 2442 nuntiem.
1123 2379 1171 2440 Sic

184 2489 269 2572 lego,
293 2500 330 2552 ot
350 2509 520 2573 pronomen
543 2511 579 2548 en
601 2489 648 2550 bis
671 2490 775 2551 eodem
799 2500 924 2550 acoentu
949 2487 1174 2572 pronuntietur,

185 2595 270 2679 quod
286 2593 345 2656 hoo
364 2595 487 2680 quidem
501 2595 569 2656 looo
582 2617 702 2678 prorsus
714 2597 912 2658 neoessurium
928 2593 1004 2656 mihi
1021 2614 1082 2656 esse
1093 2591 1172 2654 ride·

185 2713 246 2763 tur.
266 2707 396 2776 Afferam
413 2713 514 2764 autem
528 2705 552 2763 si
567 2703 664 2785 leges,
681 2705 764 2787 prius
774 2727 810 2764 ea
822 2704 949 2764 omnino
960 2723 1023 2762 nou
1039 2699 1171 2762 auditur.
1208 2771 1210 2774 ¹

189 2805 281 2891 Origo
307 2807 491 2890 corruptelae
514 2799 685 2892 quaerenda
709 2807 786 2870 mihi
806 2809 922 2870 ridetur
941 2809 975 2870 in
996 2806 1173 2868 creberrimo

187 2911 246 2973 illo
263 2933 369 2984 errore
390 2934 452 2996 quo
468 2911 585 2974 librarii
604 2914 705 2974 literas
715 2914 918 2998 geminarent.
948 2913 1058 2975 Eadem
1075 2933 1173 2973 emen·

189 3018 274 3081 datio
294 3019 485 3103 appliosndu·
497 3031 540 3082 est
553 3021 639 3082 Cure.
653 3022 678 3082 1.
702 3021 718 3082 1
733 3041 774 3082 vs.
796 3020 836 3082 84
857 3029 886 3082 et
904 3017 1084 3082 lleuuechm.
1103 3017 1174 3078 v.2

189 3145 231 3186 rs.
259 3123 296 3196 8,
323 3123 376 3185 ubi
397 3125 479 3186 vidd.
505 3126 648 3204 dnnott5
676 3137 883 3210 servatumque
911 3137 954 3189 est
980 3125 1063 3204 serre
1087 3143 1175 3186 sensu

189 3235 328 3304 afferendi
337 3229 478 3292 Bacchid.
490 3231 531 3293 11.
548 3232 568 3294 3
583 3253 625 3294 rs.
642 3231 683 3294 94
697 3233 856 3294 etGurc.1.
873 3231 999 3294 lrs.82.
1020 3231 1177 3292 Heliorum

196 3347 295 3398 entem
324 3335 463 3399 codicum
489 3340 666 3401 auctoritate
693 3351 846 3423 permotus
879 3360 949 3400 cum
976 3337 1091 3398 Weisio
1121 3355 1176 3418 pro

191 3463 281 3521 enque
296 3457 327 3502 et
338 3452 464 3503 nuntiem
475 3446 578 3530 scripsi
589 3469 624 3506 en
633 3453 677 3506 utr'
689 3455 825 3508 nuntiem.
843 3444 936 3506 codd.
946 3443 1021 3506 Pell.
1035 3453 1065 3503 et
1074 3441 1176 3502 Venet.

193 3567 219 3606 a.
242 3543 322 3608 1499
343 3546 472 3611 hubent:
494 3556 540 3611 Ea
561 3567 594 3613 ut
613 3563 750 3612 nuntiem.

233 3653 282 3714 Vs.
306 3653 353 3715 12.
374 3653 422 3715 sd
438 3667 567 3734 praesim
591 3677 678 3740 segre
703 3656 836 3719 desidero
855 3653 1037 3740 particulam
1059 3669 1108 3724 ατς
1128 3652 1179 3714 sed

191 3777 291 3820 versus
311 3781 377 3820 non
398 3761 543 3824 admittit.

232 3860 280 3922 Vs.
304 3863 352 3924 1³.
373 3867 540 3944 Appmbare
559 3865 591 3927 h.
609 3867 632 3928 l.
650 3878 693 3929 est
706 3866 807 3946 secere
824 3882 856 3926 ur
872 3831 1018 3944 probetur,
1037 3863 1121 3948 quod
1137 3863 1180 3924 sio

194 3969 308 4052 egregie
325 3969 459 4032 illustret
470 3971 651 4036 Gronovius:
663 3973 851 4052 »Approbunt
862 3991 937 4054 opus
947 3970 1111 4052 perfeetum
1120 3990 1180 4030 sus·

196 4083 324 4155 ruptores
344 4075 392 4136 sel
412 4077 625 4161 redemptores,
647 4079 832 4159 probanttbus
856 4073 1044 4154 nemoribus,
1070 4076 1123 4159 qui
1150 4074 1181 4134 id

1006 4195 1049 4257 19
