2940 4920
631 339 777 410 73'

163 553 226 620 quo
248 529 288 596 de
309 529 412 598 Her-ea
434 533 548 599 certior
568 530 639 598 lias:
662 546 823 624 qtrantum
844 534 932 600 enim
957 535 1021 602 seio
1043 537 1136 624 equi-
1185 567 1188 573 ·

160 641 242 725 dem,
263 667 372 734 neque
393 646 460 735 ipse
480 667 588 735 neque
607 645 750 714 eiusdem
759 647 898 712 nominis
909 644 988 714 elter
999 671 1139 738 usquam

158 773 435 842 commemoratur,
446 760 501 826 etsi
510 760 667 849 reperitur
676 765 1025 850 nonnunquemflpoic.
1049 761 1136 834 Haec

158 873 313 964 cogitanti
331 888 407 940 nata
426 872 506 940 mihi
528 875 665 963 auspicio
687 889 734 942 est
754 897 837 940 num
852 873 933 942 sorta
948 876 984 940 in
1006 872 1136 940 Codici-

158 983 220 1050 bus
249 983 416 1077 Plutarchi
442 985 555 1056 abierit
577 987 743 1079 Ήραγόρας
768 989 912 1077 primum
937 989 972 1054 in
992 989 1135 1074 Ἡραίας,

159 1114 228 1168 turn
249 1101 285 1166 in
304 1099 430 1190 Ἡρέας,
451 1116 489 1171 ut
509 1124 541 1168 r.
565 1125 593 1166 c.
612 1123 652 1167 ex
669 1101 1136 1190 commemorantem

159 1211 280 1280 factum
301 1229 347 1280 est
368 1229 465 1306 atque
487 1199 634 1284 uni'verso
655 1216 918 1282 terminationem
938 1209 1136 1302 compendiis

159 1327 337 1418 saepissime
361 1343 514 1416 corrupta
533 1343 612 1394 eunt
630 1329 772 1394 nomina.
803 1325 969 1394 Laudatur
990 1325 1136 1413 Herago-

160 1463 227 1521 mr,
256 1439 316 1529 qui
342 1437 457 1506 Vossio
478 1463 511 1529 p.
533 1439 599 1504 tte
620 1455 667 1506 est
693 1440 931 1529 Hegeeagoroa,
954 1439 988 1504 in
1009 1434 1136 1504 scholiis

159 1549 311 1642 Apellen.
334 1551 439 1620 Rhod.
462 1553 490 1618 1.
512 1554 595 1634 ets,
617 1551 677 1620 ubi
702 1555 885 1642 Hesagorar
904 1549 989 1618 male
1013 1550 1137 1642 scripsit

159 1663 380 1749 Wellauerus,
406 1669 465 1758 qui
490 1669 581 1758 peius
602 1668 698 1734 etiam
713 1665 888 1760 legendum
908 1667 1044 1732 coniecit
1062 1666 1136 1729 Isa-

156 1803 264 1868 gotaa.
286 1777 377 1848 Illud
387 1781 527 1871 probant
535 1779 701 1848 luculente
711 1804 795 1871 quae
805 1777 948 1848 similiter
958 1794 1035 1846 sunt
1046 1801 1136 1844 com-

158 1893 270 1981 posita,
290 1891 458 1983 Διαγόρας,
478 1891 693 1986 Ἀθηναγόρης.
727 1893 831 1980 Quid,
850 1893 943 1985 qnod
961 1893 1144 1986 genuinam

158 2003 328 2074 lectionem
338 2010 483 2075 servavit
505 2005 616 2078 Codex
639 2009 738 2076 Paris.
757 2025 800 2092 et,
824 2032 908 2100 quae
927 2004 1137 2076 Scholiastam

160 2119 199 2186 da
218 2143 310 2188 more
330 2119 510 2212 descripsit,
531 2121 677 2190 Eudocie
696 2145 731 2212 p.
758 2120 846 2190 teo?
872 2121 1049 2214 Heragoraa
1075 2120 1136 2212 igi-

160 2249 221 2316 tur,
232 2251 271 2300 ut
281 2233 322 2300 ad
332 2233 423 2302 hunc
432 2234 563 2302 tandem
570 2237 709 2318 veniam,
719 2233 829 2302 itidem
836 2233 1137 2325 scripsitMryopetd,

161 2347 193 2414 in
214 2345 337 2439 quibus
357 2348 507 2430 Boream,
535 2351 594 2440 qui
621 2346 804 2442 Orithyiam
824 2349 947 2438 rapuit,
969 2346 1049 2412 dixit
1068 2368 1136 2414 non
1233 2415 1238 2428 ,

161 2478 308 2544 rentum,
331 2461 388 2528 sed
415 2461 594 2554 Strymonis
620 2461 717 2530 brisce
742 2461 857 2530 filium.
889 2461 975 2528 Fieri
996 2458 1137 2550 prolecto

161 2577 278 2664 potuit,
302 2589 341 2642 ut
368 2591 401 2642 et
422 2576 543 2642 Hereoa
564 2593 644 2644 esset
664 2592 697 2644 et
716 2578 916 2668 Herogoras,
936 2575 1137 2667 Megarenses

161 2687 270 2772 ambo,
298 2687 394 2754 ambo
420 2691 603 2778 Μεγαρικῶν
625 2691 807 2781 scriptoree;
835 2689 891 2756 sed
916 2689 1036 2756 maiore
1061 2711 1137 2754 cum

162 2798 383 2890 probabilitate
409 2801 495 2868 hanc
520 2804 693 2870 nominum
720 2801 962 2870 similitudinem
982 2823 1136 2891 compen-

161 2912 217 2980 diis
226 2913 433 2984 librariorum
441 2915 587 2985 tribuens
596 2941 702 2984 unum
715 2918 912 3008 Heragorapr
924 2913 966 2982 ad
973 2914 1136 2984 historicos

161 3027 312 3098 reinlflrlfl·
435 3066 438 3100 t

621 3207 681 3276 VI.

202 3358 268 3442 Qui
290 3359 472 3424 meminerit
488 3357 577 3450 apud
589 3355 799 3426 Scholiastam
809 3355 961 3448 Apollon.
972 3355 1078 3422 Rhod.
1093 3356 1135 3420 11.

161 3469 223 3536 297
244 3494 306 3562 pro
324 3472 520 3538 Timosthene
540 3473 652 3540 vitiose
671 3471 910 3538 Demosthenem
924 3473 959 3538 ἓν
970 3475 1033 3546 τοῖς
1040 3467 1137 3549 liuere

160 3581 300 3667 laudari,
318 3587 378 3676 qui
397 3586 474 3652 sciat
497 3601 571 3652 ante
593 3583 839 3668 Wellauertun,
856 3609 877 3650 a
891 3606 958 3674 quo
970 3605 1008 3646 ex
1019 3579 1138 3646 Codice

161 3695 257 3765 Paris.
273 3721 350 3766 vera
367 3695 461 3765 lectio
472 3715 617 3766 revocata
627 3716 689 3781 est,
710 3697 833 3764 ibidem
845 3697 909 3764 532
920 3693 1032 3761 eodem
1042 3711 1137 3781 pror-

161 3833 211 3876 u
237 3811 334 3878 modo
360 3809 480 3880 ectum
502 3811 597 3880 tu„
618 3810 823 3916 aemam
843 3833 903 3901 pm
928 3805 1139 3894 ewam,

162 3924 189 3988 ei
215 3923 365 3992 facillime
391 3925 591 4016 persuadebo
616 3927 793 3993 earundem
817 3921 983 3991 literarum
1003 3918 1137 3987 eandem

164 4041 425 4122 permutationem
444 4039 559 4108 factam
581 4063 645 4107 esse
666 4041 700 4106 in
720 4035 845 4106 scholiis
863 4035 1040 4102 laudensi.
1061 4031 1136 4096 994.
