2862 4894
739 311 782 374 28

268 499 374 564 datam
400 495 615 586 improborum
639 515 779 562 manum.
812 494 874 561 1110
899 505 932 559 tn
956 517 1019 583 qna
1040 493 1160 562 laetitia
1180 519 1252 585 per·

267 613 396 680 fruere?
422 611 536 700 quibus
551 609 672 699 gaudiis
695 609 888 678 exsultabis?
914 621 1030 698 quanta
1044 608 1076 674 in
1089 608 1250 700 voluptate

268 726 475 804 bacchabere,
493 749 592 816 quum
604 727 636 792 in
651 739 738 792 tanto
753 748 884 810 numero
897 737 1021 790 tuorum
1034 725 1251 814 nequeandier

266 843 367 908 sirum
403 842 520 906 bonum
545 862 752 930 quemquam,
789 863 891 930 neque
925 838 1069 904 ridebis?
1117 839 1170 905 65.
1201 837 1251 903 td

267 954 360 1020 huius
392 956 473 1020 ritae
489 955 629 1020 studium
652 953 794 1020 meditati
814 954 861 1020 1111
882 965 972 1032 sunt,
1008 953 1063 1042 qui
1085 953 1248 1032 feruntur,

264 1068 387 1136 labores
411 1071 457 1134 tui
470 1043 488 1134 :¹
515 1074 615 1135 iacere
643 1070 731 1136 humi
762 1091 823 1135 non
849 1068 944 1135 modo
972 1067 1010 1132 ad
1044 1066 1249 1133 obsidendum

268 1197 427 1272 stuprum,
452 1207 559 1249 rerum
582 1184 736 1250 etiamad
761 1185 882 1249 facinus
902 1181 1100 1248 obeundum:
1125 1181 1251 1270 vigilare

267 1320 330 1362 non
354 1297 454 1362 solum
479 1298 518 1363 ad
543 1298 755 1364 insidiandum
780 1320 888 1363 somno
912 1297 1116 1378 maritorum,
1142 1317 1250 1360 rernm

268 1412 362 1478 etiam
394 1413 484 1477 bonis
517 1414 704 1479 occisorum.
752 1411 868 1491 Habes,
904 1411 960 1477 ubi
993 1423 1127 1477 ostentes
1162 1408 1249 1474 illam

266 1525 460 1614 praeclaram
488 1537 572 1591 tuam
596 1527 781 1615 patientium
802 1525 911 1608 famis,
949 1525 1093 1614 frigoris,
1125 1523 1251 1612 inopine

268 1662 373 1706 rerum
397 1640 561 1721 omninm3
598 1643 713 1730 quibus
738 1654 768 1708 te
792 1641 880 1707 breri
904 1652 1046 1730 tempore
1069 1639 1249 1704 coniectum

268 1776 332 1822 erse
355 1756 503 1824 senties.''

310 1983 409 2055 xvlt.
435 1985 584 2055 66.1u²
606 1987 717 2076 igitur,
742 1985 901 2076 frequenti
928 1996 1054 2066 senata,
1083 1982 1249 2051 Catilinam

268 2101 413 2180 excitari,
436 2113 531 2190 atque
553 2123 627 2168 enm
642 2103 682 2169 de
695 2101 745 2168 his
761 2103 856 2170 rebus
880 2101 970 2184 inssi,
997 2101 1022 2166 si
1042 2099 1118 2190 quid
1138 2096 1248 2176 vellet,

268 2237 348 2304 qnae
380 2214 419 2282 ad
452 2239 501 2282 me
524 2217 636 2283 allatae
664 2229 785 2298 essent,
822 2217 935 2282 dicere.
981 2217 1087 2303 Atque
1117 2213 1187 2294 itte,
1212 2223 1249 2276 ut

268 2352 390 2419 semper
422 2331 482 2397 suit
513 2333 740 2420 apertissimus,
766 2354 827 2397 non
852 2353 884 2397 se
907 2329 1069 2420 purgarit,
1093 2325 1146 2394 sed
1170 2325 1249 2390 indi÷

267 2445 351 2511 cavit
379 2459 475 2536 atque
506 2447 621 2518 induit.
669 2447 749 2514 Tum
779 2448 863 2514 enim
893 2445 987 2526 dixit,
1014 2445 1079 2510 duo
1102 2462 1250 2530 purpura

266 2581 339 2624 esse
367 2563 421 2624 rei
448 2563 629 2650 publicae,
662 2585 762 2628 unum
789 2561 914 2638 debile,
947 2557 1083 2646 infirmo
1113 2561 1247 2645 capides

265 2675 410 2742 altarum
421 2676 583 2761 firmum,
609 2679 823 2767 sineeapr'te:
845 2675 941 2760 111110,
966 2697 1064 2762 quum
1090 2676 1141 2738 ita
1157 2672 1198 2737 de
1211 2693 1246 2734 se

263 2793 417 2854 meritum
440 2800 537 2869 esset,
560 2801 673 2880 eaput,
689 2813 725 2857 se
740 2797 835 2873 vivo,
852 2814 919 2856 non
933 2790 1139 2876 dqfuturum.
1164 2785 1247 2853 Gon·

264 2905 383 2990 gemuit
405 2916 526 2969 senatus
541 2906 710 2995 frequens,
736 2928 839 2994 neque
856 2917 960 2970 tamen
977 2905 1049 2969 satis
1065 2924 1169 2968 serere
1185 2923 1243 2990 pro

263 3018 310 3082 rei
339 3017 526 3105 indignitate
559 3019 709 3088 decrerit.
755 3020 836 3088 Nam
859 3021 975 3109 partim
998 3018 1070 3085 ideo
1094 3019 1188 3083 sortes
1213 3015 1246 3078 in

265 3130 462 3198 decernendo
488 3156 551 3200 non
575 3148 682 3219 erant,
715 3135 789 3224 quia
813 3132 895 3199 nihil
919 3133 1086 3200 timebant:
1109 3129 1244 3220 partim,

266 3245 340 3335 quia
361 3246 525 3318 timebant.
573 3252 628 3316 67.
647 3249 728 3315 Turn
752 3249 858 3337 erupit
874 3271 892 3315 e
907 3263 1032 3327 senatu,
1049 3242 1245 3334 triumphans

260 3359 399 3450 gaudio,
425 3385 520 3452 quern
537 3364 665 3430 omnino
683 3363 789 3428 rivam
804 3362 894 3428 illine
915 3363 998 3428 exire
1015 3383 1076 3426 non
1097 3371 1246 3448 oportue·

265 3486 327 3540 rat:
351 3477 533 3563 praesertim
556 3499 654 3564 quum
679 3477 763 3542 idem
782 3476 835 3543 ille
854 3478 888 3542 in
902 3475 1011 3542 eodem
1036 3473 1148 3540 ordine
1170 3493 1245 3561 pau·

264 3590 309 3655 eis
332 3590 441 3657 diebus
464 3605 536 3658 ante
558 3591 686 3672 Catoni,
710 3591 878 3658 fortissimo
903 3593 988 3675 siro,
1016 3588 1170 3656 indicium
1187 3588 1245 3654 mi·

264 3703 379 3770 nitanti
402 3727 438 3771 ac
460 3703 679 3784 denuntianti,
703 3704 927 3794 respondisset,
951 3709 986 3770 sr'
1000 3704 1090 3792 quad
1103 3711 1190 3768 esset
1206 3705 1243 3765 in

265 3818 520 3906 suessortmras
532 3820 722 3887 incendium
738 3823 942 3901 excitatum,
960 3821 1000 3887 id
1010 3842 1046 3886 se
1057 3843 1121 3886 non
1136 3835 1243 3906 aqua,

265 3984 408 4000 *-

301 4069 327 4135 ¹)
345 4087 384 4132 pro
403 4071 494 4120 Harena
512 4089 533 4120 0.
552 4069 595 4123 25.
612 4070 689 4137 151.
