2862 4894
651 399 686 460 11

172 583 214 652 de
242 605 277 650 re
302 583 436 674 publica
464 582 643 652 tolleretur:
675 595 712 652 ut
733 581 816 649 nihil
840 580 971 673 posthac
994 583 1163 650 auctoritas

172 709 315 778 senatus,
331 697 415 765 nihil
437 699 601 766 consulare
618 701 800 790 imperium,
822 699 904 765 nihil
925 699 1085 766 consensio
1104 699 1163 766 bo·

173 836 292 880 norum
319 827 430 880 contra
461 825 583 904 pestem
606 835 643 880 ac
667 816 841 905 perniciem
870 814 1006 880 civitatis
1026 813 1161 894 valeret,

176 928 300 994 idcireo
321 929 354 994 in
374 926 424 993 bis
441 928 536 994 rebus
550 927 725 995 evertendis
743 929 837 996 unius
855 923 993 996 hominis
1008 939 1163 1009 senectus,

176 1041 346 1108 infirmitas
372 1041 571 1134 solitudoque
590 1037 707 1112 tentat'a
720 1035 791 1111 'est'
832 1041 887 1110 Sic
906 1049 918 1090 ¹
945 1044 1029 1113 enirn
1049 1041 1162 1108 existi-

177 1155 322 1238 mabam,
342 1169 414 1248 poet
435 1151 601 1225 hominum
621 1159 805 1226 memoriam
827 1179 895 1224 rem
919 1157 1038 1223 nullam
1061 1157 1164 1222 maio-

178 1291 271 1352 rem,
295 1273 393 1360 magis
410 1273 636 1362 periculosam,
655 1274 753 1362 magis
771 1274 812 1339 ab
829 1272 974 1340 omnibus
996 1271 1165 1362 providen-

179 1383 266 1465 dam,
281 1407 384 1476 neque
399 1387 559 1455 atribun'o
575 1388 676 1480 plebis
688 1401 880 1478 susceptam,
892 1407 995 1475 neque
1006 1411 1024 1452 a
1037 1385 1164 1452 consule

182 1497 352 1584 defensam,
374 1523 477 1592 neque
498 1501 536 1568 ad
553 1493 706 1593 populum
734 1503 910 1570 Romanum
929 1525 995 1569 esse
1015 1499 1163 1570 delatam.

184 1613 339 1703 Agebatur
356 1616 441 1682 enim
452 1615 530 1683 nihil
542 1609 627 1684 aliud
641 1619 673 1685 in
686 1618 746 1684 hac
762 1635 865 1698 causa,
887 1639 981 1707 quam
993 1628 1029 1681 ut
1040 1615 1163 1681 nullum

187 1740 261 1794 eset
281 1727 414 1820 posthac
433 1731 465 1796 in
485 1753 519 1797 re
542 1729 671 1822 publica
692 1731 857 1820 publicum
875 1730 1062 1810 consilium,
1077 1727 1163 1794 nulla

189 1841 335 1908 bonorum
353 1845 513 1910 consensio
534 1856 645 1911 contra
665 1843 884 1934 improborum
902 1835 1044 1908 ¹furorem
1063 1853 1094 1906 et
1111 1863 1164 1906 au-

198 1951 321 2023 tesiam
345 1957 468 2024 nullum
484 1959 630 2026 extremis
649 1960 696 2024 rei
715 1957 864 2048 publicae
881 1955 1075 2046 temporibus
1095 1977 1165 2044 per·

199 2067 300 2158 logium
333 2085 366 2138 et
395 2073 587 2162 praesidium
618 2073 738 2140 salutis.
788 2075 843 2141 22.
875 2071 913 2138 Τ.
945 2070 1102 2138 Labienus
1121 2105 1163 2125 -

192 2185 368 2274 popularis²
393 2209 467 2253 sero
494 2189 640 2254 tribunus
671 2187 790 2278 plebis,
822 2199 926 2254 custos
955 2185 1165 2274 defensorque

192 2297 310 2367 inritet
332 2301 505 2369 libertatisl
529 2302 615 2393 quit
641 2303 764 2369 civibus
787 2303 933 2368 Romanis
957 2301 989 2366 iu
1013 2302 1166 2366 concione

190 2411 250 2501 ipsa
269 2415 471 2495 carnificem,
495 2413 559 2508 qui
573 2417 699 2484 vincula
723 2416 866 2484 adhiberi
890 2428 982 2506 putat
1003 2427 1164 2506 oportere:

188 2527 241 2615 qui
261 2530 294 2594 iu
317 2528 436 2621 Campo
460 2525 593 2612 Martio,
618 2533 755 2599 comitiis
778 2531 980 2610 centuriatis,
1006 2531 1166 2620 auspicato

187 2639 317 2724 inloco,
332 2667 460 2712 erucem
479 2646 518 2712 ad
538 2648 654 2714 citium
675 2646 867 2736 supplicium
890 2644 984 2733 defigi
1003 2656 1036 2709 et
1051 2644 1165 2708 consti-

187 2757 231 2821 tui
252 2757 341 2825 iubet
366 2795 406 2810 -
433 2760 490 2826 is*
519 2753 809 2850 igitur'arguebat,
831 2759 969 2824 occisum
992 2779 1057 2824 esse
1086 2779 1104 2821 a
1128 2755 1165 2824 C.

185 2869 313 2937 Rabirio
334 2871 371 2939 L.
391 2873 607 2941 Saturninum.
653 2875 696 2941 At
716 2874 749 2940 id
770 2871 805 2940 (l.
824 2871 970 2940 Rabirius
994 2871 1166 2937 multorum

184 2985 379 3069 testimoniis,
397 2988 437 3074 Q.
454 2986 622 3054 Hortensio
635 2987 848 3078 copiosissime
860 2985 1061 3068 defendente,
1075 2999 1166 3051 antea

185 3097 295 3165 falsum
318 3123 384 3166 esse
401 3102 566 3172 docuerat.
606 3102 797 3169 Labienus⁵
822 3125 898 3168 vero
922 3123 1046 3167 causam
1064 3121 1167 3165 susce·

183 3212 233 3301 pit
254 3213 465 3303 antiquiorem
481 3218 633 3284 memoria
649 3241 715 3301 sua,
741 3217 825 3305 (nam
841 3238 932 3282 causa
955 3228 1026 3281 ante
1041 3226 1167 3280 mortua

183 3338 265 3406 erat,
291 3349 386 3418 mam
409 3331 463 3396 ille
487 3345 578 3398 uatus
600 3336 690 3418 esset)
726 3353 786 3398 nec
809 3331 980 3412 intellexit,
1004 3331 1164 3420 primum,

182 3465 261 3532 quos
282 3443 426 3511 homiues
448 3459 481 3512 et
504 3447 611 3537 quales
634 3447 716 3513 riros
740 3459 880 3512 mortuos
903 3445 1018 3510 summi
1042 3441 1167 3508 sceleris

180 3572 348 3647 argueret,
373 3559 507 3641 deiude,
535 3574 613 3652 quot
635 3584 672 3628 er
696 3561 753 3646 iis,
785 3561 840 3650 qui
861 3559 1028 3639 virebant,
1056 3556 1166 3624 eodem

180 3673 314 3740 crimine
338 3675 372 3740 in
395 3697 550 3743 summum
570 3676 681 3768 capitis
702 3675 881 3766 periculum
905 3685 1081 3740 arcesseret.
1114 3675 1167 3738 23.

177 3788 383 3858 Neminem⁰
408 3797 492 3859 enim
518 3793 612 3860 luisse
634 3791 699 3858 disi
723 3815 758 3858 er
780 3791 818 3858 iis
843 3789 1004 3872 omnibus,
1031 3789 1087 3879 qui
1112 3787 1166 3852 illo

173 3963 321 3976 fl—-ua—

209 4055 233 4123 ¹)
252 4056 315 4106 uaa.
329 4072 353 4105 ο·
372 4050 456 4117 2·l⁴·
472 4081 503 4092 -
521 4054 545 4120 2)
561 4055 619 4105 rota.
631 4073 653 4105 a.
665 4056 689 4106 a.
703 4056 716 4121 p
730 4051 770 4105 12.
787 4081 819 4090 -
834 4051 858 4117 ε)
875 4049 1009 4116 rotatu.
1025 4072 1058 4084 -
1074 4044 1096 4112 a)
1109 4042 1167 4092 root.

173 4169 195 4200 ⁰·
210 4147 236 4204 ὃ·
253 4151 269 4216 t
291 4146 336 4200 1&
351 4173 388 4184 -
405 4145 433 4209 ⁵)
450 4147 505 4199 tria.
522 4166 542 4200 ο.
558 4147 584 4201 a.
603 4147 672 4214 aas.
689 4176 721 4188 -
737 4149 760 4213 s)
782 4148 839 4198 usa.
857 4164 878 4197 ο.
894 4145 935 4197 11.
949 4146 962 4211 a
978 4141 1019 4193 er.
