2862 4894
550 695 1008 792 tttttttttto.

709 925 844 949 ‘On-

279 1056 428 1153 Quum
455 1091 529 1142 aule
548 1085 597 1143 bos
613 1087 763 1144 duodecim
782 1105 874 1145 annos
894 1085 1044 1146 Doctorum
1063 1083 1091 1142 in
1112 1083 1268 1164 Gymnasiis

230 1191 366 1252 Batavis
381 1192 521 1251 Societas
533 1195 614 1252 edere
626 1192 770 1274 symbolae
787 1193 929 1252 Literariae
944 1197 1118 1267 institueret,
1132 1193 1266 1268 colliqere

236 1301 298 1358 leae
317 1301 522 1378 opuseuloet
528 1301 690 1379 pbiloloqas
703 1301 912 1360 obseruationes
925 1319 960 1358 ac
974 1303 1191 1359 dissertationes
1201 1308 1265 1358 stu-

241 1408 330 1482 duta,
342 1415 375 1466 et
391 1425 596 1484 quaecuuque
607 1409 648 1467 ad
659 1413 760 1486 patria
774 1407 977 1486 Gymnasiaac
992 1427 1053 1466 rum
1063 1408 1266 1466 scholasticam

248 1521 453 1590 spectarent.
481 1512 617 1572 Undeeim
628 1533 773 1572 annorum
789 1517 883 1590 spatio
903 1533 1004 1572 nocem
1017 1516 1151 1590 deinceps
1164 1519 1265 1571 secuta

252 1627 332 1677 sunt
342 1617 552 1699 symbolarum
562 1621 725 1692 salsamina,
740 1639 792 1694 pro
801 1621 1036 1677 collectaneorum
1045 1621 1129 1693 eopia
1143 1617 1186 1675 rel
1201 1621 1266 1674 ino·

257 1731 313 1804 pia
326 1731 430 1784 citius
445 1728 530 1784 maele
548 1727 714 1804 dirulqata‚
734 1727 816 1784 modo
833 1727 958 1783 tardiue.
985 1725 1128 1783 Gabatum
1144 1728 1186 1782 itu
1208 1725 1265 1780 ali-

265 1840 473 1908 quantumest
484 1834 524 1890 ad
531 1837 723 1910 antiquarum
734 1833 888 1890 literarum
903 1833 1001 1890 eludia
1013 1831 1119 1889 alenda
1146 1837 1173 1887 at
1190 1833 1262 1888 illu·

279 1942 398 1996 manea
415 1942 605 2000 montoranto.
629 1937 777 2016 fititeerte
793 1941 893 2004 sodis.
917 1939 1033 2015 colleqis
1044 1937 1171 2012 atttsqaa
1191 1939 1266 1994 airis

277 2045 436 2123 philelaqis
457 2049 568 2103 occasio
587 2045 760 2122 publicandi
778 2063 853 2121 quae
871 2043 930 2102 sibi
950 2047 984 2102 iu
1003 2060 1174 2120 quocunque
1196 2042 1264 2100 lile·

273 2169 380 2208 rarum
398 2169 506 2228 qaaere
532 2153 577 2209 rel
591 2155 735 2210 inuenisse
755 2171 829 2209 nora
858 2153 1025 2208 uiderentur
1047 2151 1091 2208 rel
1104 2151 1266 2207 illustrasse

271 2257 400 2316 obscura
424 2259 469 2315 ael
494 2263 654 2317 eerreaisse
667 2259 767 2337 falsa.
814 2257 850 2316 llt
870 2277 936 2317 aero
963 2255 1156 2336 symbolarum
1180 2259 1266 2316 edsu-

270 2363 383 2420 elarum
402 2364 561 2423 eonsilium
581 2365 617 2422 ab
640 2367 727 2423 initio
747 2364 857 2441 duplae
871 2363 974 2442 suasae
999 2366 1150 2429 dicimur,
1169 2365 1265 2439 pisile-

271 2467 376 2544 lequm
387 2475 416 2525 et
426 2471 667 2546 paedoqoqiaum‚
679 2474 845 2531 itassenss'm
860 2474 1026 2546 sensimque
1040 2489 1143 2529 aarum
1156 2477 1266 2528 natura

271 2575 601 2653 uoerepltilolaqasucta
615 2584 657 2634 est
673 2595 725 2635 uec
741 2579 903 2653 quidquam
917 2577 1030 2635 subolae
1046 2579 1157 2634 datum.
1181 2573 1266 2653 Quod

272 2678 387 2754 quibus
403 2698 440 2735 aa
454 2683 553 2738 causis
570 2683 758 2757 repetendum
772 2685 829 2755 sil,
849 2701 908 2739 nou
922 2683 1109 2758 iudaqamus.
1136 2679 1265 2737 Tantam

273 2801 443 2854 memus,
477 2803 530 2843 uos
553 2787 624 2844 utile
656 2804 749 2862 neque
778 2786 815 2843 ab
839 2787 886 2844 bis
921 2785 1098 2861 temporibus
1126 2785 1260 2842 alienum

272 2892 399 2948 duxisse
418 2894 574 2966 antiquum
595 2911 703 2950 morem
730 2911 861 2950 reuocare
874 2909 1020 2967 suumque
1044 2890 1130 2948 rebus
1147 2890 1259 2949 sebole-

271 2999 360 3054 els'eis
377 3004 405 3054 el
425 3000 630 3076 paedaqoqicis
649 3001 743 3057 mcum
769 3000 902 3071 redolere,
924 3002 967 3055 ita
988 3000 1105 3073 quidem
1127 3005 1160 3054 ut
1179 3001 1263 3073 prior

269 3111 299 3160 et
315 3105 414 3179 potior
431 3103 503 3161 libri
522 3124 610 3180 pars,
633 3105 739 3164 Latine
753 3111 880 3179 scripta,
902 3103 1150 3178 disputationibus
1167 3110 1193 3160 el
1214 3103 1260 3160 ob-

266 3211 487 3268 servationibus
502 3211 644 3268 litorariis
663 3220 782 3288 pateat,
800 3213 944 3286 posterior
964 3228 1097 3266 rerumne
1114 3212 1211 3284 patrio
1229 3227 1263 3266 ea

264 3317 494 3391 complectatur,
525 3336 599 3394 quae
619 3322 785 3393 pertineant
812 3317 852 3373 ad
877 3317 1005 3373 seltolam
1030 3320 1184 3390 ipsumque
1206 3334 1262 3389 quo

255 3425 430 3503 fianqieuur
461 3397 580 3482 munus.
629 3423 714 3500 (luod
737 3443 829 3500 quum
853 3427 940 3480 etiam
961 3426 1152 3496 inscriptione
1171 3440 1259 3495 opus·

254 3529 330 3590 eseli
345 3529 541 3586 iudicandum
557 3547 619 3586 esse
643 3531 798 3603 uideretur,
819 3530 939 3587 titulum
957 3534 984 3585 ei
1002 3530 1133 3586 dedimus
1149 3527 1256 3585 bliscet-

249 3637 346 3698 lanaa
368 3630 510 3711 philologo
533 3643 560 3690 et
581 3633 774 3713 paulagogica.

296 3739 414 3814 Atque
433 3738 501 3796 baec
516 3758 614 3816 pauca
634 3745 770 3799 universe
785 3744 934 3801 ueonuisse
954 3760 991 3798 su
1018 3748 1121 3810 iceret,
1145 3741 1256 3798 nisibe

240 3851 368 3912 altera
395 3843 452 3899 ltee
472 3853 574 3919 porte.
595 3849 692 3922 qualis
704 3847 772 3919 jam
789 3849 903 3923 prodit,
923 3849 1044 3923 proprie
1059 3849 1200 3922 quaedam
1216 3848 1261 3902 di-

233 3953 364 4023 0ertd⁰
401 3957 513 4016 urent:
543 3955 620 4026 qued
644 3954 714 4010 dum
738 3953 987 4030 aqimus,simul
1018 3952 1091 4027 quid
1120 3951 1259 4019 celeuma,

235 4057 348 4146 quid
361 4063 513 4129 optemus,
534 4057 748 4117 declarabimus
768 4063 887 4118 certius.
