2940 4920
758 400 799 473 86

288 612 364 664 eum
389 611 456 662 non
482 589 609 662 vertisse
634 587 777 664 eece
802 591 892 684 quod
919 615 986 660 non
1015 585 1270 662 animadvertens

288 723 462 790 umacus,
483 715 585 788 mort
595 704 728 777 αὐτόθεν
742 707 933 773 vertendum
947 709 1071 773 censuit
1088 707 1151 772 ulio
1175 730 1270 797 quam

289 823 349 888 doc
363 823 466 904 modo,
476 823 580 889 atter.
604 819 711 889 Sensit
718 836 750 886 et
761 821 911 910 expressit
922 817 1072 885 vocabuli
1082 815 1270 886 vitnvtcmn

289 949 418 1016 constit,
438 959 470 1025 p.
491 937 556 1000 252
577 949 719 1000 vertens:
743 949 776 999 et
788 947 821 998 tu
839 957 879 998 ne
890 951 980 1023 pauo
1002 936 1163 998 onomius
1179 932 1272 996 d’tet

290 1047 422 1131 mimo,
433 1071 568 1139 peruste
581 1061 673 1114 autre
688 1055 776 1126 voie,
790 1035 846 1111 s⁹il
860 1060 908 1111 ess
923 1047 1088 1128 lenaeus?
1105 1043 1223 1138 Agitur
1230 1043 1272 1112 de

218 1207 220 1210 -
290 1183 327 1229 eo
350 1164 436 1250 ipso,
462 1159 520 1226 ubi
542 1165 607 1250 jam
628 1176 720 1241 sunt,
746 1156 827 1225 loco.
856 1159 1082 1225 Praecesserat:
1107 1157 1272 1248 Ἀρχέλαον

287 1270 389 1365 dq'noo
407 1275 581 1344 meror
596 1273 765 1363 notem
783 1271 802 1340 ὅ
809 1277 860 1366 ρᾷ
867 1295 883 1350 ς
901 1279 1033 1361 ἄρχοντα
1055 1269 1271 1348 Μοικειῐονιόις,Ι

165 1395 168 1404 ’
290 1385 377 1454 Haec
399 1387 605 1480 interroganti
628 1382 707 1452 Polo
727 1383 898 1474 respondet
918 1383 1075 1464 Socrates,
1100 1405 1133 1449 se
1160 1383 1274 1446 audire
1365 1433 1368 1440 .

289 1497 400 1567 saltem
408 1549 418 1582 ,
431 1499 489 1566 sed
501 1500 622 1565 nescire
636 1522 679 1564 an
698 1496 774 1564 felix
786 1499 827 1564 sit
841 1495 913 1578 ille,
926 1497 1087 1588 siquidem
1099 1517 1273 1586 nunquam

289 1637 366 1681 cunt
378 1637 416 1680 eo
431 1611 607 1680 collocutus
620 1615 671 1680 sit.
701 1613 791 1678 Tum
801 1610 1055 1678 admirabundus
1067 1609 1179 1677 Polus:
1194 1597 1272 1677 Ain*

289 1743 327 1793 tu
333 1777 344 1810 ,
358 1729 421 1794 nisi
436 1725 741 1794 collocutuscumeo
749 1749 816 1791 non
824 1720 1275 1817 scias,nnllaqucaliaratione

289 1867 331 1907 es
344 1843 404 1908 ltoc
423 1853 492 1932 ipso
512 1841 581 1909 loco
600 1859 788 1934 cognoscere
801 1853 898 1930 potes,
914 1839 1037 1906 felicem
1052 1863 1127 1905 eum
1141 1829 1228 1936 esse?

759 2011 802 2086 V.

334 2189 430 2256 Patr.
445 2189 546 2284 Gorg.
562 2217 593 2279 p.
610 2191 676 2256 489
688 2191 732 2256 Ε.
745 2189 791 2260 Ἐκ
802 2189 916 2280 ταύτης
926 2189 986 2280 'yde
998 2183 1041 2258 od
1048 2189 1273 2278 ιῆςόμολογῖας

287 2297 378 2382 αὕτδς
396 2301 459 2370 sind
478 2307 536 2370 coti
553 2304 773 2387 συμποδισθεὶς
793 2305 827 2374 ἐν
849 2309 913 2382 τοῖς
935 2301 1032 2390 λόγοις
1048 2302 1275 2390 demulsi-p,

287 2415 483 2499 αἰσχυνθεὶς,
498 2411 521 2482 οἳ
536 2409 629 2495 ἐνόει,
646 2417 745 2483 εἰπεῖν.
763 2457 803 2470 -
821 2413 954 2486 Smne.
967 2415 1076 2481 vertit:
1092 2441 1114 2480 a
1136 2429 1166 2480 te
1190 2423 1273 2480 irre-

287 2535 363 2591 titus
383 2523 417 2590 in
438 2543 581 2592 serenone
599 2551 637 2590 eo
653 2525 801 2592 redactus
816 2541 884 2608 est„
904 2541 938 2606 ut
958 2551 1023 2608 uon
1043 2527 1171 2608 haberet
1187 2529 1277 2617 quod

287 2637 344 2704 tibi
358 2655 538 2738 opponeret.
572 2638 685 2720 Recte,
699 2640 725 2704 si
740 2642 944 2721 sententiam,
958 2637 1122 2732 languide,
1135 2641 1162 2706 si
1174 2639 1273 2706 verba

287 2766 416 2842 spectas.
460 2749 549 2836 Quid
578 2747 843 2818 otruotonoaosi
875 2752 1181 2837 συμποδισθείς
1210 2741 1274 2838 dati

284 2871 458 2953 μεταφορᾶς
469 2868 531 2933 τῶν
546 2858 666 2952 o’io‘ywv
684 2861 785 2948 ζώων,
804 2871 867 2935 τῶν
882 2865 1150 2950 συμποδιζομένων
1167 2867 1219 2936 snt
1237 2861 1274 2934 ad

285 2982 447 3064 σφαγῆναι.
467 2975 632 3044 Praeterea
639 2979 840 3064 ἐπιστομίζειν
848 2995 894 3044 est
909 2987 980 3069 equi
990 2979 1132 3068 osfreno
1146 3003 1272 3067 compe-

284 3110 381 3152 scere.
410 3088 483 3154 Jam
506 3113 603 3180 supra
626 3115 658 3180 p.
681 3091 796 3157 463Ε
820 3091 944 3174 dictum
962 3089 1080 3158 luerat:
1100 3095 1215 3172 ,Πῶλος
1234 3089 1269 3160 δὲ

284 3189 337 3268 ite
354 3199 420 3282 νέος
428 3206 493 3274 ἐστὶ
505 3207 556 3272 καὶ
572 3202 649 3286 ὄξιῖς
664 3203 723 3271 uhi
736 3223 1013 3290 mutatanuacnps
1023 3207 1272 3290 nonsinepausa

286 3313 327 3378 ad
355 3314 619 3407 significationem
648 3317 799 3384 vocabuli
822 3323 924 3399 πῶλος
948 3315 1048 3384 alludi
1073 3319 1271 3384 existimavit.

286 3427 410 3518 Majore
432 3432 519 3519 jure,
531 3428 642 3498 lusisse
660 3429 827 3498 Calliclem
842 3431 960 3515 altero,
974 3455 1074 3523 quem
1087 3430 1271 3521 posuimus,

283 3537 373 3624 loco,
394 3543 554 3626 dicamus,
575 3543 634 3610 ubi
664 3543 782 3612 Polum
803 3545 845 3612 ad
865 3547 977 3612 incitas
996 3570 1016 3610 a
1037 3545 1166 3614 Socrate
1181 3543 1274 3612 reda·

284 3671 374 3722 ctum
396 3673 559 3747 comparat
578 3679 655 3725 cum
676 3659 765 3748 pullo
790 3657 895 3752 ligatis
916 3657 1098 3749 podibuset
1110 3683 1166 3726 ore
1182 3681 1273 3726 conr-

283 3789 399 3856 presso.
421 3769 646 3837 Desideramus
659 3767 758 3860 hujus
773 3769 944 3863 spectaculi
960 3771 1160 3841 festivitatem
1175 3775 1271 3840 etiam

284 3876 318 3944 in
339 3896 460 3946 cousttu
483 3886 627 3950 versione
648 3907 679 3973 p.
704 3883 786 3950 299:
807 3887 884 3952 o’est
893 3911 983 3978 pour
998 3885 1112 3968 t’ovot’r
1120 3887 1222 3978 possi
1235 3913 1271 3952 oe

280 4002 384 4081 point,
400 3995 486 4084 ‚qu'il
504 3992 579 4063 s'est
597 3995 796 4066 embarrasse'
813 3999 895 4066 dous
912 4002 946 4066 la
962 3999 1097 4089 disputo,
1115 4017 1219 4098 etque
1235 4015 1270 4066 tu

284 4105 328 4173 lui
337 4107 494 4198 coflerme'
503 4111 537 4175 la
552 4109 678 4175 boucla.
