2976 4900
378 921 380 927 ’
501 915 558 990 'iil
583 913 798 989 'TULLII‘
833 911 1113 990 CICERONIS

676 1127 850 1180 ‘semrom
871 1127 951 1182 rm
1002 1133 1006 1140 '

417 1269 573 1394 'ioj'rss
615 1275 913 1398 rooironwn
954 1277 1188 1372 scucos.

726 1487 730 1497 ¹
749 1505 879 1522 ψ

521 1662 674 1707 resonavit
696 1663 727 1705 ιτ
747 1665 936 1707 conrsrrmo
958 1633 1104 1707 mercoris

578 1791 647 1906 Ἰ.
686 1791 724 1858 Ο,
763 1790 802 1856 G.
844 1791 1007 1856 BOOT.

722 2239 907 2292 rasnrmo.
1013 2221 1018 2234 '
1071 2219 1074 2226 '

320 2377 426 2479 Malo
446 2415 525 2466 sunt
543 2401 643 2482 anni,
663 2423 713 2470 ex
742 2425 810 2492 quo
828 2403 928 2492 coepi
943 2421 1214 2490 'noramparnre
1236 2398 1303 2466 odi·
1443 2411 1444 2424 ¹

320 2513 441 2593 tionem
461 2515 619 2582 omnium,
633 2513 860 2606 epistolarum,
891 2539 980 2607 quae
1004 2531 1179 2606 supersunt
1200 2537 1218 2582 o
1239 2511 1303 2582 fre-

318 2627 432 2718 quaesti
448 2627 610 2696 Ciceronis
627 2630 817 2711 commercio
836 2653 917 2699 cuns
936 2626 992 2696 illo
1012 2629 1137 2712 amico,
1161 2649 1304 2718 quocum

318 2742 426 2806 omnia
447 2766 506 2808 sua
525 2759 633 2832 aperte
658 2743 897 2810 communicare
916 2739 1048 2810 solebas
1086 2739 1198 2832 Atque
1223 2735 1303 2806 illud

318 2851 506 2934 consilium,
531 2853 641 2921 multis
658 2855 727 2922 aliis
740 2858 874 2950 negotiis
893 2871 925 2921 et
939 2853 1085 2921 litorariis
1103 2871 1135 2921 et
1154 2854 1302 2920 domesti-

318 2966 363 3030 cis
387 2989 480 3054 saepe
508 2967 743 3049 intermissum,
778 2992 952 3060 nunquam
981 2983 1088 3034 tamen
1121 2965 1302 3060 neglectum

318 3095 375 3144 aut
400 3077 581 3161 abiectum,
602 3082 647 3146 ita
668 3080 800 3171 perfeci,
830 3097 869 3147 ut
892 3081 1039 3147 diuturni
1065 3079 1184 3146 laboris
1206 3079 1302 3146 finem

318 3191 556 3282 quodammodo
586 3195 651 3262 iam
679 3195 860 3286 prospicere
886 3195 1014 3286 possim.
1054 3191 1189 3260 Absolvi
1217 3195 1301 3260 eninr

317 3309 584 3374 commentarium
619 3310 654 3374 in
672 3311 794 3375 'omnes
822 3307 986 3400 epistolas,
1018 3325 1049 3374 et
1078 3329 1170 3374 nnnc
1197 3331 1300 3374 versor

318 3421 352 3485 in
383 3421 582 3488 recensendis
616 3439 648 3489 ot
677 3419 875 3512 expoliendis
903 3423 956 3505 iis,
989 3444 1073 3514 quae
1107 3422 1299 3512 scripseram.

318 3532 415 3616 Quod
432 3535 540 3624 ipsum
557 3550 664 3600 tamen
682 3559 783 3626 quam
800 3558 869 3600 non
884 3535 924 3600 sit
936 3530 1046 3614 facile,
1067 3555 1134 3598 non
1153 3529 1300 3623 estquod
1438 3587 1439 3594 ,

317 3645 431 3714 dicam.
475 3649 609 3716 Interim
632 3673 739 3740 quum
762 3647 884 3716 adhoc
903 3639 1184 3714 Miscellaneorum
1207 3644 1299 3714 voln-

317 3785 393 3828 men
413 3761 538 3856 aliquid
555 3763 661 3830 deesse
682 3763 863 3845 videretur,
887 3765 913 3830 si
933 3781 1063 3830 externa
1083 3761 1187 3852 specie
1205 3783 1299 3849 snpe-

317 3875 393 3940 riori
416 3899 485 3942 non
509 3877 614 3966 impar
634 3873 784 3944 futurum
805 3891 901 3956 esset,
926 3899 967 3943 ex
989 3875 1123 3942 conditis
1142 3871 1298 3942 fructibus
1437 3857 1438 3860 Ἴ

316 3987 370 4052 hic
389 3986 514 4080 aliquid
532 3989 674 4080 prolerre
693 3990 832 4072 decrevi,
850 3989 938 4056 unde
954 3989 1019 4072 alii,
1039 3987 1174 4082 quidde
1188 4011 1298 4054 eorum

314 4099 458 4174 bonitate
488 4105 682 4196 sperandum
711 4123 810 4188 osset,
840 4107 1024 4173 coniectura
1047 4119 1296 4194 assequerentur.
