2772 4902
616 310 764 421 er'

169 539 299 606 mnilesto
312 555 443 632 nppnret
460 543 486 608 ¹.
510 544 649 634 d'ropter
662 567 755 635 qoem
767 545 902 612 insanum
923 569 1047 636 prorsus
1069 551 1117 613 in·

166 658 263 723 terdnur
278 657 430 724 luxuriam
441 661 508 747 jem
523 683 537 724 ι
552 660 681 726 Plutone
694 658 822 727 Gomioo
837 662 867 726 in
885 661 988 728 lebuls
1005 670 1114 752 ἑορταί

164 769 279 838 ridentur
294 766 319 851 ²3
337 773 561 862 posterioribus
576 789 679 841 nutem
700 777 852 865 imprimis
866 779 1058 866 temporibus
1071 779 1114 845 itn

163 889 240 951 orerit
257 888 306 952 ills
328 889 506 969 dementis,
528 903 562 954 ιιι
579 891 738 956 univorsos
753 888 830 955 odeo
850 891 970 958 eiritnti
987 893 1113 956 exitiosa

160 999 288 1067 existeret.
328 997 383 1067 sie
400 999 546 1070 lustinus
563 1025 593 1070 e.
613 1025 646 1093 fl·
669 1002 708 1069 de
727 1003 972 1071 Atheniensibus
992 1019 1114 1084 narret,

159 1133 198 1176 eos
213 1127 276 1202 post
295 1115 531 1205 Epaminondae
549 1117 681 1183 menime
709 1130 840 1184 nnorteru
866 1141 990 1185 omnem
1014 1099 1115 1208 pero-⁵

159 1227 225 1293 nisus
246 1230 402 1319 publionm
428 1253 490 1296 non
516 1244 552 1299 ut
572 1231 646 1297 olim
668 1231 699 1296 iu
722 1231 849 1298 olnssem
874 1233 1113 1322 exercitusque,

159 1338 197 1404 sed
212 1341 239 1406 iu
263 1343 326 1409 dies
344 1343 438 1409 lestm
465 1358 697 1436 npperntosque
722 1345 868 1412 ludorum
896 1347 1056 1430 effudisse,
1082 1362 1114 1413 et

160 1473 214 1519 rum
243 1459 421 1523 noetoribns
451 1457 651 1525 nobilissimis
685 1463 848 1550 politisque
877 1460 995 1526 thestrn
1027 1459 1112 1526 eole-

160 1567 259 1648 brssse,
277 1573 475 1662 frequentius
495 1595 619 1640 scenam
642 1597 735 1663 quem
757 1587 855 1640 oestro
876 1577 1025 1654 visentes,
1048 1597 1113 1642 rer·

158 1679 368 1775 diontoresque
392 1685 536 1752 meliores
564 1707 658 1776 quem
689 1686 785 1751 dones
811 1685 979 1753 lnudnntes.
1025 1686 1113 1754 'luno

159 1797 268 1887 trotipnl
291 1799 475 1888 publionm,
501 1821 565 1889 quo
591 1811 680 1868 sulen
704 1799 819 1864 milites
837 1813 870 1866 et
893 1801 1025 1888 remiges
1046 1801 1112 1866 nle-

162 1907 262 1994 bsntnr‚
289 1935 362 1980 eom
384 1915 503 1980 nrbeuo
523 1914 642 2004 populo
657 1913 755 1978 dividi
774 1926 922 2002 ooeptnm
942 1927 998 1982 est.
1033 1915 1110 1999 Qui·

162 2019 202 2088 bur
216 2025 305 2092 rebus
327 2027 472 2094 effectum
501 2043 568 2105 est,
592 2041 626 2093 nt
650 2029 731 2092 inter
757 2027 820 2092 otis
841 2025 1031 2094 Greeoorum
1047 2049 1111 2092 sor·

155 2136 241 2207 lidum
257 2157 289 2207 et
300 2141 468 2209 obsonium
484 2143 561 2209 odeo
577 2141 782 2209 llooedonnm
795 2164 907 2206 nomen
923 2155 1107 2230 emergeret,

151 2265 175 2317 et
199 2253 374 2346 Philippus,
400 2257 487 2324 obses
511 2259 643 2323 triennio
671 2257 786 2322 Thebis
809 2255 955 2336 babitus,
980 2257 1108 2346 llpnmi·

148 2370 252 2436 nondse
273 2385 305 2437 et
328 2372 494 2462 Pelopidae
515 2372 682 2438 uirtutibus
705 2369 868 2456 eruditus,
893 2393 1023 2459 reguum
1041 2369 1107 2438 lde-

146 2481 297 2567 oedonine,
330 2485 476 2554 Grneoise
510 2501 540 2552 et
572 2487 661 2552 Asine
689 2485 863 2550 oersioibos
888 2485 972 2550 uelut
994 2486 1105 2572 jugum

145 2601 284 2666 servitutis
311 2601 485 2691 imponeret
504 2593 534 2666 ³.
590 2600 707 2668 llodem
726 2621 851 2689 prorsus
875 2597 968 2663 inodo
993 2597 1108 2662 'loren-

145 2709 213 2776 tinos
230 2714 352 2780 tandem
366 2715 458 2804 plene
472 2715 684 2804 pessumdatos
701 2735 764 2780 esso
780 2713 922 2778 norimus
939 2731 995 2800 per
1007 2711 1102 2776 nimie

143 2822 206 2892 leste
231 2842 262 2894 et
282 2828 497 2896 incredibilem
519 2832 551 2895 in
576 2830 612 2895 iis
636 2828 787 2894 lurnrinm
821 2825 845 2894 ⁴.

180 2941 308 3008 l’nlolrrn
333 2957 364 3010 et
390 2965 467 3033 porr
488 2945 520 3008 in
546 2944 631 3010 lestis
662 2941 851 3008 adhibebunt
875 2939 1055 3007 vestimentu
1079 2936 1104 3000 ⁵.

170 3185 191 3249 ¹)
207 3189 244 3238 cn
259 3191 291 3241 id.
309 3191 374 3254 Apol.
386 3193 415 3240 de
431 3193 493 3242 erim.
509 3194 593 3259 largit.
608 3211 634 3256 p.
650 3191 713 3249 6983
731 3191 848 3241 Plutnroln.
866 3191 918 3238 rtis.
944 3189 976 3251 ὃς
993 3187 1099 3250 Xenopb.

144 3277 229 3331 Ιειοι.
243 3284 284 3333 ΙΙΙ.
306 3281 331 3334 3.
351 3284 396 3333 12.

171 3373 192 3441 ²)
207 3378 297 3442 Frspn.
312 3380 353 3427 ed.
368 3379 440 3428 ldein.
454 3395 481 3442 p.
495 3376 546 3428 624
559 3397 598 3445 sq.

171 3467 192 3532 ³l
209 3473 288 3520 osten
301 3473 330 3521 ds
344 3490 369 3523 rs
383 3474 472 3538 nepius
481 3477 530 3539 jem
544 3477 691 3540 oonqueritur
705 3473 822 3526 Deuronln.
844 3491 869 3522 e.
883 3491 909 3539 g.
929 3471 1024 3537 Olyntlr.
1044 3471 1062 3518 l.
1079 3485 1105 3531 p.

146 3555 209 3612 tt's
226 3567 268 3614 lll.
286 3583 313 3629 p.
325 3565 357 3616 31
367 3569 401 3618 R.
417 3569 454 3618 (ll.
470 3569 622 3632 Theopbrmt.
641 3569 701 3634 nputl
716 3569 791 3619 (liner.
812 3569 840 3617 de
856 3569 901 3616 oli.
917 3569 947 3616 ll.
969 3564 1015 3616 16.

173 3655 196 3720 ⁴)
212 3659 290 3708 snm
308 3661 349 3710 ιι.
368 3679 395 3724 ρ.
419 3657 472 3712 eso
488 3661 518 3726 o;
532 3663 574 3712 m
590 3664 654 3712 os.
677 3665 763 3728 ιημ.
785 3662 861 3712 usn.
888 3661 976 3716 exure
1000 3661 1064 3709 eren
1080 3659 1109 3709 ιι

146 3744 210 3812 lta.
223 3753 244 3801 Ι.
262 3771 289 3816 p.
309 3752 359 3804 637
378 3756 412 3819 B;
431 3757 540 3820 Xenoplr.
558 3756 587 3806 ds
600 3758 661 3820 llep.
677 3757 764 3807 dtben.
781 3753 867 3816 ttt.8;
884 3755 971 3804 Athen.
986 3756 1040 3806 Xll.
1056 3751 1104 3803 30.

145 3837 173 3886 ⁰2
186 3843 307 3896 incredibili
326 3849 392 3910 plens
407 3847 561 3899 Alexandrino
582 3861 654 3900 netste
670 3851 694 3899 in
716 3851 780 3900 lestis
796 3849 886 3898 luxeris
908 3851 942 3897 ol.
966 3848 1050 3897 ltlren.
1074 3849 1103 3896 V.

146 3927 159 3976 ⁵
174 3951 223 3999 ns·

173 4027 195 4090 ⁵l
212 4031 290 4082 lebeti.
311 4041 395 4100 tesnp.
419 4034 485 4094 ttae
512 4039 593 4088 Sobel.
622 4039 741 4102 tristoplr.
769 4039 829 4088 Plut.
847 4033 931 4084 ll99t
944 4035 1056 4094 llsrpoor.
1078 4047 1106 4080 r.

147 4113 263 4190 'melu
279 4128 346 4178 Suid.
367 4148 394 4180 r.
414 4131 618 4200 ἀτραβατιιιάς.

941 4218 982 4284 50
