2994 4900
779 364 820 426 32

310 549 536 616 tessimonium.
574 543 675 636 Apud
688 545 899 614 Plutarchum
912 546 967 612 Au
982 546 1057 614 Seu.
1073 571 1098 612 s.
1113 568 1145 638 g.
1161 572 1187 614 r.
1202 549 1221 612 3
1240 541 1284 612 le-

309 661 396 752 gitur
416 661 469 726 hic
490 684 615 728 versus:
841 725 846 736 ,
1193 707 1196 713 .

425 772 533 860 ’tuter
551 773 710 864 Ἡροδότῳ
729 777 828 850 τεῦξεν
846 775 1004 858 Σοφοκλῆς
1023 767 1116 838 ἐτέων
1135 765 1178 838 air

285 863 288 876 ⁵
428 879 509 950 πέντ’
527 883 579 948 ἐπὶ
597 877 794 968 πεντήκοντα.

310 1003 493 1072 Numerum
511 1021 701 1093 corruptum
719 1027 784 1070 mse
799 1026 867 1068 non
889 1002 1021 1068 concedi
1040 1000 1135 1068 dehet
1157 999 1289 1094 Berglio

311 1111 366 1183 Fr.
381 1119 471 1183 Puer.
491 1118 568 1208 Lyr.
585 1143 619 1207 p.
640 1118 721 1196 2263
742 1141 853 1184 vereor
869 1119 973 1199 enim,
995 1141 1038 1182 ne
1057 1114 1221 1182 Plutarchi
1240 1114 1290 1180 lo-

310 1255 386 1296 cum
402 1231 506 1298 obiter
523 1247 650 1296 tantum
665 1233 846 1322 inspexerit.
880 1230 945 1298 Sed
961 1230 1139 1297 videndum
1154 1245 1211 1311 est,
1225 1253 1292 1320 quo

311 1367 397 1410 auno
419 1343 591 1434 Sophocles
611 1345 701 1412 huuc
726 1367 856 1413 versum
879 1346 1103 1435 composuerit.
1138 1343 1292 1410 Traditur

310 1456 408 1550 vulgo
422 1479 497 1524 eum
507 1475 622 1525 uatum
632 1481 697 1526 esse
713 1457 768 1525 Ol.
788 1459 892 1526 LXX.
911 1459 950 1524 t:
963 1475 1020 1524 aut
1038 1456 1092 1524 Ol.
1107 1457 1229 1524 LXXI.
1241 1459 1291 1535 e.;

309 1593 371 1637 nec
391 1570 459 1638 fieri
474 1589 577 1662 potest
595 1589 633 1638 ut
646 1573 708 1640 hac
727 1576 761 1638 in
782 1596 818 1640 re
834 1574 966 1639 nmltum
980 1597 1000 1638 a
1013 1595 1090 1640 vero
1109 1569 1293 1638 aberratum

310 1685 359 1750 sit.
405 1684 629 1776 Compositum
646 1702 693 1752 est
703 1687 802 1780 igitur
819 1687 1014 1777 epigramma
1027 1682 1082 1750 Ol.
1105 1682 1292 1752 LXXXIV.

312 1801 342 1866 3.
366 1816 422 1866 aut
439 1798 494 1868 Ol.
508 1799 678 1868 LXXXV.
702 1802 732 1864 l.
766 1797 859 1866 Circa
872 1797 955 1864 illud
974 1815 1100 1888 tempus
1119 1795 1293 1888 Sophocles

310 1912 512 2002 praeterfuit
528 1913 563 1978 in
583 1909 670 1978 hello
683 1911 800 1980 Samio.
831 1911 902 1978 Hoc
914 1929 1023 1980 autem
1037 1912 1160 1982 honore
1175 1911 1292 2004 ὤμω

310 2027 468 2093 iudicatus
481 2043 537 2108 est,
552 2043 590 2092 ut
604 2026 701 2092 tradit
708 2025 805 2092 Auct.
816 2027 884 2108 rit,
896 2025 939 2092 oh
957 2023 1084 2092 doctam
1094 2024 1291 2117 Antigonen.

310 2139 469 2206 Novimus
495 2161 512 2205 e
534 2140 696 2205 Marmore
720 2139 814 2205 Pario
841 2137 896 2204 Ol.
922 2137 1110 2206 LXXXIV.
1131 2139 1163 2204 3.
1182 2139 1291 2206 unisse

309 2249 517 2342 Euripidem
540 2253 689 2344 quocirca
708 2251 887 2346 Antigone,
901 2275 986 2344 quae
999 2253 1174 2318 necessario
1198 2243 1291 2342 pr'ae-

309 2364 414 2430 mium
429 2367 619 2454 reportavit,
637 2365 729 2432 docta
742 2365 901 2446 habeatur
915 2363 971 2432 Ol.
985 2365 1174 2434 LXXXIV.
1198 2367 1242 2446 4.,
1261 2380 1292 2431 et

310 2477 443 2568 quidem
473 2478 635 2572 Dionysiis
667 2479 814 2570 Magnis,
845 2481 953 2570 itaque
979 2477 1043 2545 sub
1077 2477 1177 2546 finem
1203 2479 1290 2546 anui.

310 2587 473 2658 Credibile
502 2607 549 2658 est
572 2593 669 2685 igitur
695 2590 888 2682 Sophoclem
913 2589 1009 2658 fuisse
1030 2607 1210 2682 praetorem
1237 2589 1290 2658 Ol.

310 2703 481 2774 LXXXV.
504 2708 553 2785 l.;
570 2730 647 2772 uam
663 2704 778 2796 procul
795 2705 897 2771 dubio
908 2722 1032 2772 creatus
1050 2721 1098 2772 est
1115 2705 1201 2772 brevi
1221 2720 1292 2796 post

311 2819 437 2886 doctam
461 2819 658 2912 Antigonen.
686 2821 780 2886 Prius
795 2817 922 2886 bellum
936 2819 1084 2887 Samium
1101 2820 1217 2887 exarsit
1235 2815 1289 2884 01.

310 2931 497 2998 LXXXIV.
519 2934 567 3010 l.;
598 2932 689 2998 haud
710 2935 753 2998 ita
776 2931 880 3000 multo
901 2949 976 3023 post
1000 2933 1119 3000 iterum
1150 2931 1291 3000 defecere

311 3043 425 3126 Samii,
444 3046 536 3110 cuius
559 3048 604 3112 rei
621 3045 795 3136 locupletes
814 3063 905 3113 testes
922 3045 1079 3112 hahemus
1098 3045 1250 3138 Thucyd.
1264 3045 1290 3112 1.

311 3181 340 3223 e.
360 3159 424 3234 lli
442 3174 474 3224 et
494 3156 658 3227 Plutarch.
679 3157 793 3226 Pericl.
812 3185 841 3227 c.
862 3163 923 3242 253
945 3161 1036 3252 quod
1058 3157 1186 3228 bellum
1204 3184 1291 3228 nouo

312 3265 444 3338 demum
461 3295 569 3340 meuse
589 3271 719 3342 finitum
734 3291 791 3340 est.
819 3275 878 3340 Est
892 3275 990 3366 igitur
1009 3273 1291 3358 verisimillimum,

311 3384 503 3476 Sophoclem
521 3403 664 3454 creatum
682 3386 777 3454 fuisso
791 3411 865 3455 vere
880 3386 935 3454 Ol.
945 3389 1134 3456 LXXXIV.
1145 3391 1190 3472 4.,
1200 3387 1292 3456 brevi

311 3517 383 3591 post
396 3502 578 3582 victoriam,
597 3489 791 3592 atque‘tunc
812 3501 943 3570 classem
964 3501 1099 3570 Samum
1118 3501 1292 3593 proiectam

313 3637 387 3682 esse.
432 3613 560 3682 Bellum
578 3617 676 3710 igitur
693 3615 824 3682 finitum
844 3634 891 3684 est
910 3615 965 3683 01.
986 3615 1157 3686 LXXXV.
1176 3621 1206 3682 l.
1221 3618 1292 3684 init.

312 3727 505 3818 Sophoclem
525 3747 633 3796 autem
650 3727 748 3798 altero
765 3729 852 3798 hello
866 3731 974 3799 Samio
989 3749 1168 3822 praetorem
1181 3729 1290 3814 *fuisse

312 3859 384 3910 tum
411 3843 491 3912 haec
515 3847 710 3945 computatio
733 3845 872 3939 flagitat,
894 3863 965 3914 tum
994 3862 1118 3914 constat
1144 3869 1162 3912 e
1185 3843 1290 3914 Suah.

311 3956 395 4026 XIV
412 3981 445 4046 p.
466 3960 542 4026 446.
588 3960 658 4028 Iam
679 3962 863 4031 coniectura
880 3984 949 4028 non
975 3962 1072 4028 nimis
1092 3958 1205 4028 audaci
1227 3973 1291 4024 sta·

313 4085 403 4138 tuere
424 4093 611 4160 possumus,
635 4072 828 4164 Sophoclem
850 4074 913 4144 hoc
935 4097 1064 4145 carmen
1084 4075 1119 4140 in
1137 4069 1291 4140 Herodoti
