2942 4902
206 575 236 623 et
249 571 437 651 contagtone
456 561 664 650 turpitudinis
680 563 886 630 vehementer
901 565 1179 652 permovebantur.

205 673 256 738 tt.
279 671 353 752 llio,
376 691 574 765 ntquaeque
595 699 644 744 rea
661 677 701 742 ed
717 675 887 744 eonsilium
907 681 1019 768 primis
1037 679 1180 770 poenale

205 786 344 852 tionibus
368 787 575 870 referebatur,
596 790 790 859 incredibilia
813 795 1062 875 mutuatarius,
1088 791 1180 859 nulle

203 901 351 968 varietate
366 893 613 984 renuntiuum
630 903 714 974 nihil
731 907 917 995 impetrarat
929 929 1017 986 reum
1035 905 1109 996 plus
1124 931 1179 974 aon

203 1017 338 1082 curatori
366 1015 521 1101 (hbatur,
546 1043 649 1110 quam
671 1017 870 1110 postulabat:
890 1019 1111 1112 triumphabat
1134 1055 1182 1076 -

204 1129 283 1217 quid
301 1129 451 1220 quaeris?
473 1169 514 1184 --
538 1132 734 1200 Hortensius·
745 1157 777 1200 ae
791 1133 905 1204 vidisse
921 1149 1064 1212 tontum
1083 1157 1178 1201 nemo

204 1259 286 1323 erat,
312 1244 370 1333 qui
391 1241 485 1308 illum
511 1267 602 1311 teum
634 1270 671 1312 ao
694 1269 761 1314 non
795 1245 909 1313 millies
928 1247 1179 1314 condemnatum

204 1357 419 1423 arbitrantur.
456 1359 513 1424 Me
537 1383 612 1426 vero
631 1377 708 1428 teate
724 1362 892 1451 producto,
910 1371 995 1452 quae
1010 1383 1179 1426 eentum·

204 1473 263 1536 etio
273 1473 419 1537 iudicum
434 1471 515 1538 sacta
529 1471 592 1539 est!
604 1491 640 1540 ut
651 1499 702 1541 me
712 1473 1003 1542 circumsteterunt!
1020 1491 1058 1540 ut
1071 1490 1179 1564 aperte

204 1583 311 1678 iugula
330 1609 388 1652 sua
405 1609 464 1676 pro
481 1609 552 1653 meo
567 1589 669 1676 eapite
688 1589 724 1652 P.
734 1587 849 1654 Clodio
859 1585 1076 1654 ostentarunt!
1088 1587 1178 1672 Quae

203 1698 279 1763 mihi
303 1723 352 1766 res
365 1698 468 1766 multo
485 1699 745 1766 honorificentior
763 1703 829 1767 visa
850 1717 897 1767 est
914 1725 1014 1792 quana
1039 1719 1097 1766 aut
1108 1700 1177 1781 illa,

203 1837 305 1903 quum
324 1815 429 1880 iurare
442 1812 652 1880 Athenienses
662 1815 875 1880 Xenocratem
894 1807 1110 1880 testimonium
1128 1814 1179 1880 di·

203 1943 324 1991 centem
345 1925 598 2015 prohibuerunt,
616 1944 672 1994 aut
691 1951 797 2019 quum
816 1926 942 1994 tabulas
964 1925 1085 1992 Metelli
1107 1927 1179 1992 Nu-

202 2039 324 2122 midici,
339 2065 444 2132 quum
459 2066 528 2125 eae,
543 2060 580 2110 ut
597 2067 667 2109 mos
686 2060 749 2125 eet,
763 2042 1057 2120 annumeraretur,
1078 2043 1178 2108 nostri

202 2155 320 2223 iudices
334 2157 494 2248 adspicere
512 2157 704 2237 noluerunt3
719 2155 822 2224 multo
841 2157 932 2237 haec,
949 2159 1097 2248 inquam,
1118 2180 1179 2222 no·

202 2287 262 2337 sua
278 2295 327 2339 res
341 2273 453 2338 maior.
476 2275 529 2337 Sl.
548 2273 661 2363 Itaque
680 2273 825 2340 indicum
841 2269 986 2350 vocibus,
1000 2295 1105 2360 quum
1120 2293 1178 2362 ego

202 2385 244 2450 sic
260 2383 303 2450 ab
322 2387 359 2451 iis
369 2435 379 2467 ,
396 2403 436 2454 ut
448 2385 533 2452 salus
551 2388 687 2478 patriae,
706 2385 903 2465 defenderer,
919 2384 1037 2452 fractus
1056 2407 1131 2451 reus
1147 2401 1179 2450 et

202 2521 266 2564 una
278 2501 405 2588 patroni
424 2523 534 2566 omnes
553 2499 771 2566 eouoiderunt
803 2498 857 2564 Ad
872 2521 924 2564 me
941 2515 1049 2564 autem
1068 2497 1178 2588 eadent

201 2609 379 2702 frequentia
394 2613 546 2702 postridie
563 2615 722 2696 convenit,
738 2635 879 2703 quacum
889 2611 999 2678 abiona
1009 2610 1178 2678 consulatu

202 2748 272 2790 tum
292 2725 427 2792 domum
448 2727 608 2796 roduam.
633 2724 780 2794 Clamare
797 2723 949 2816 praeclari
974 2724 1178 2816 Ariopagitae

201 2861 234 2904 se
250 2863 318 2904 non
333 2863 399 2906 eoae
416 2857 568 2907 venturos
580 2841 641 2906 nisi
655 2839 811 2930 praesidio
820 2841 1002 2906 constituto.
1029 2837 1177 2904 Refertur

201 2952 241 3018 ad
257 2951 443 3033 eonsilium
466 2977 533 3019 uua
553 2953 618 3020 sola
642 2955 797 3022 tentantia
817 2953 1012 3043 praesidium
1028 2975 1096 3018 non
1119 2952 1176 3020 de-

200 3067 357 3134 siderarit.
381 3065 533 3134 Defertur
545 3091 594 3134 rea
605 3067 647 3132 ad
664 3084 826 3145 senatum
843 3069 1024 3160 gravissim
1042 3069 1179 3134 ornatu·-

200 3183 341 3271 timeque
359 3181 557 3260 decernitur3
571 3177 746 3247 laudantur
756 3181 890 3260 iudioes;
903 3181 998 3247 datur
1011 3182 1177 3274 negotium

200 3293 455 3388 magistratibus3·
469 3319 698 3385 responsurum
707 3296 872 3362 hominem
888 3317 984 3366 nemo
996 3293 1176 3361 arbitraba-

201 3423 261 3473 tur.
286 3411 340 3478 22.
357 3415 478 3480 'Eume
497 3415 551 3478 vvir
568 3435 620 3496 μοι
644 3414 782 3492 Μοῦσαι,
802 3415 907 3488 ὅππως
923 3408 966 3496 δὴ
982 3414 1101 3496 πρῶτον
1112 3415 1173 3497 πῦρ

200 3521 317 3606 ἔμπεσε.
348 3522 498 3604 Crassus,
522 3519 577 3589 ille
592 3521 739 3589 laudator
752 3545 853 3604 meua,
870 3521 909 3586 de
927 3523 1019 3586 errius
1034 3521 1176 3586 oratione

199 3657 271 3726 erga
297 3658 349 3701 nte
374 3635 550 3702 honorifica
576 3637 611 3700 in
635 3637 791 3725 superiori
816 3633 900 3699 libro
925 3633 1052 3721 scripsi,
1073 3631 1175 3698 biduo

201 3771 256 3836 per
279 3773 385 3816 uuum
395 3772 541 3830 servum,
559 3767 590 3816 et
609 3773 685 3816 eum
708 3773 747 3815 ex
768 3746 952 3840 gladiatorio
974 3744 1051 3812 ludo
1063 3793 1073 3824 ,
1095 3771 1174 3812 oon-

202 3858 270 3927 leeit
286 3880 392 3930 totum
409 3866 591 3958 negotium
609 3864 767 3930 arcessivit
787 3863 829 3926 ad
849 3885 891 3944 se,
908 3861 1062 3952 promisit,
1076 3863 1176 3927 inter-

202 3979 297 4059 cessit,
316 3977 412 4044 dedit.
443 3979 511 4043 lam
527 4001 600 4043 vero
619 4015 660 4026 —-·
682 3976 756 4042 odii
772 3975 849 4040 boni
867 3999 933 4041 rem
944 3971 1117 4064 perditam!
1131 4007 1175 4023 -

203 4093 292 4160 etiam
317 4109 424 4159 noctes
447 4110 604 4159 cenarum
632 4089 805 4160 mulierum
833 4107 928 4180 atquo
956 4085 1174 4154 adolescentu-
