2862 4894
764 338 806 400 38

294 517 443 584 constitui
466 528 643 598 senatores,
668 520 724 608 qui
748 521 852 588 omniu
872 520 1014 588 indicum
1041 521 1147 603 dictu,
1169 523 1275 590 inter-

294 644 416 720 rogate,
449 655 596 721 responsu
622 635 863 722 perscriberent.
908 637 952 702 At
980 659 1059 726 quos
1082 639 1180 704 siros!
1208 659 1275 703 uon

294 747 394 812 sulum
416 769 537 814 summu
559 748 676 815 virtute
697 761 730 815 ct
752 749 831 830 fide,
856 749 946 816 cuius
971 754 1091 840 generis
1109 754 1142 819 in
1165 764 1277 820 renutu

293 861 425 929 facultas
450 863 602 930 munimur
623 861 678 930 sed
700 863 816 944 etiem,
848 887 927 954 quus
947 866 1083 934 sciebnrn
1107 868 1277 944 memoris,

293 977 444 1062 scientis,
469 955 704 1046 ¹consuetudine
734 990 767 1044 et
793 976 952 1045 celeritate
975 979 1156 1064 scribendi,
1188 980 1279 1046 fucil-

295 1090 388 1173 lime,
413 1113 494 1182 quse
508 1091 704 1177 dicerentur,
719 1095 865 1183 persequi
881 1117 971 1184 posse
986 1125 993 1164 :
1020 1095 1057 1166 G.
1075 1096 1278 1175 Cosconium,

297 1207 352 1294 qui
380 1219 456 1274 tunc
481 1220 548 1274 erut
570 1221 716 1298 praetore
747 1209 790 1274 H.
811 1209 999 1291 diessnllum
1025 1213 1081 1302 qui
1101 1225 1168 1279 tum
1185 1235 1278 1302 prue-

297 1332 400 1386 turum
424 1313 572 1409 pet'ebrt:
594 1323 630 1392 P.
650 1320 830 1410 Nigidium,
854 1327 940 1414 App.
959 1324 1138 1392 Claudium.
1172 1324 1276 1392 Credo

296 1457 361 1500 esse
382 1436 559 1519 nemiuem,
585 1436 641 1525 qui
663 1433 714 1513 his
731 1433 912 1504 homiuibus
930 1437 970 1504 nd
986 1461 1059 1506 rere
1075 1439 1276 1506 referendum

296 1562 351 1615 rut
374 1547 469 1615 fidem
492 1562 599 1640 putet,
622 1563 675 1616 eut
702 1551 860 1638 ingenium
888 1552 1032 1620 defuisse.
1078 1554 1134 1621 93.
1158 1553 1239 1636 Quid
1262 1553 1276 1594 ¹

296 1662 437 1731 deindci·
462 1665 538 1755 quid
567 1665 657 1732 ieci?
705 1667 808 1751 Quum
831 1668 962 1750 scirem,
990 1671 1033 1736 ite
1066 1669 1218 1737 indicium
1242 1673 1276 1736 in

296 1778 416 1844 tubulus
438 1779 581 1869 publicus
607 1779 761 1862 relatum,
787 1793 823 1848 ut
847 1782 919 1850 illue
942 1783 1067 1851 tubulre
1085 1787 1207 1874 priruts
1229 1799 1280 1851 tn-
1421 1839 1422 1842 η

240 1889 245 1902 '
296 1916 367 1960 men
395 1893 554 1975 custodie,
589 1917 676 1961 ruore
704 1897 878 1980 maiorum,
918 1901 1172 1969 continerentur:
1210 1923 1276 1968 uon

297 2009 468 2087 occultari,
491 2031 554 2075 nou
581 2010 723 2075 continui
747 2008 850 2091 domi,
875 2011 928 2077 sed
951 2011 1088 2080 describi
1106 2013 1146 2078 ab
1173 2015 1278 2080 omni·

297 2124 355 2189 bus
373 2125 480 2190 stetim
498 2121 655 2207 librariis,
679 2123 777 2190 diridi
799 2126 914 2214 passim
936 2139 968 2192 et
986 2128 1163 2216 pervulgari
1180 2141 1279 2216 utque

297 2239 349 2307 edi
375 2239 494 2330 populo
533 2239 676 2306 Romano
711 2241 875 2330 imperavi.
933 2243 1032 2308 Divisi
1065 2243 1125 2308 toti
1148 2241 1278 2322 Italiae,

296 2355 386 2420 emisi
409 2355 442 2419 in
469 2375 574 2420 omues
601 2355 796 2443 provincius
821 2357 888 2422 eius
910 2355 1037 2435 indicii,
1060 2381 1078 2424 e
1102 2379 1165 2445 quo
1192 2357 1277 2424 sulus

298 2469 402 2534 oblatu
429 2480 508 2535 esset
529 2469 696 2550 omnibus,
729 2481 887 2558 expertem
910 2492 975 2536 esse
997 2471 1154 2536 nerninem
1176 2471 1274 2536 volui.

297 2584 411 2673 Itaque
434 2581 546 2664 credo,
568 2583 675 2649 locum
701 2583 734 2648 in
765 2583 842 2651 orbe
866 2597 1020 2650 terrorum
1047 2607 1112 2652 esse
1143 2583 1266 2652 nulium

299 2719 363 2787 qun
393 2698 426 2763 in
461 2697 532 2763 loco
556 2695 668 2786 populi
691 2695 823 2764 Romani
846 2719 961 2764 nornen
979 2699 1036 2782 sit,
1068 2700 1146 2788 quin
1165 2697 1278 2766 eodem

299 2811 507 2902 perscriptum
530 2809 593 2878 hoc
614 2811 767 2879 indicium
790 2815 978 2902 pervenerit

343 3039 446 3106 XXV.
471 3044 526 3110 94.
558 3041 690 3109 Iudiciis
714 3041 728 3082 ²
750 3043 896 3132 expositis
923 3055 1019 3132 utque
1045 3041 1157 3123 editis,
1182 3063 1275 3108 seus-

300 3167 369 3220 tum
392 3155 552 3236 consului,
586 3157 626 3222 de
650 3179 770 3223 summu
799 3179 833 3223 re
862 3155 991 3248 publicu
1014 3156 1091 3246 quid
1114 3156 1180 3222 fieri
1202 3157 1277 3246 pln-
1421 3223 1422 3226 ,

301 3280 396 3338 ueret.
436 3269 547 3338 Dictae
572 3283 645 3336 sunt
663 3270 892 3361 aprincipibus
917 3273 1087 3340 nccrrimre
1110 3293 1146 3338 sc
1165 3272 1275 3338 fortis·

300 3383 395 3449 simne
428 3383 617 3463 sententiae,
651 3407 727 3474 quus
766 3397 889 3451 senetur
930 3387 996 3452 sine
1027 3385 1091 3452 ullu
1126 3388 1277 3452 rurietste

299 3509 345 3564 est
363 3509 559 3565 consecutus.
606 3500 661 3566 9⁵.
684 3499 826 3564 Primum
848 3499 930 3566 mihi
949 3499 1068 3588 gratioe
1086 3499 1187 3568 serbis
1210 3521 1279 3568 om.

300 3611 445 3700 piissimis
470 3622 623 3701 aguntur,
650 3610 735 3701 quud
757 3613 891 3694 virtute,
909 3613 1054 3694 consilio,
1077 3613 1277 3704 providentie

299 3749 383 3805 meu,
398 3749 446 3792 res
462 3726 591 3816 publicu
609 3726 757 3816 periculis
770 3728 811 3794 sit
828 3728 969 3794 maximis
987 3728 1139 3798 liberate:
1158 3727 1274 3796 deiude

300 3841 336 3908 L.
357 3841 488 3908 Flaccus
510 3855 542 3907 ut
566 3839 604 3908 G.
631 3841 835 3932 Pomptinus,
859 3855 1033 3932 praetores,
1055 3842 1141 3933 quod
1164 3865 1275 3912 eorurn

296 4007 464 4021 με*

335 4105 357 4170 1)
374 4103 431 4154 ibid.
449 4121 469 4157 c.
488 4103 528 4155 15.
542 4105 556 4171 ᾗ
572 4101 615 4155 42.
633 4131 664 4142 -
681 4103 706 4168 ἱ)
725 4105 752 4153 lu
768 4101 858 4153 Gntiliu.
877 4105 920 4155 ΙΙΙ.
938 4121 959 4156 c.
976 4104 1001 4157 6.
1019 4105 1096 4174 51³.
