2772 4902
731 337 847 400 961

263 527 395 596 Accedit
418 525 523 605 aliud,
549 525 634 615 quod
660 524 726 591 lere
750 537 841 615 putes
863 525 952 606 licet,
977 525 1029 591 sed
1053 537 1242 594 tamennon

259 665 384 735 prorsus
407 639 671 706 contemnendum
694 653 750 706 est.
787 640 847 726 Qui
870 639 1038 730 scriptores
1064 639 1244 726 Myndium

258 771 366 823 testem
392 753 553 820 adducunt
576 754 697 842 quique
713 751 906 820 Cornelium
920 751 1142 837 Alexandrum,
1162 777 1242 822 neu-

260 873 301 936 tri
325 869 506 936 alterutrius
525 869 715 949 meminere3
742 867 819 957 quin
843 869 939 936 etiam
953 870 1101 936 Aelianus
1117 883 1149 937 et
1164 873 1243 938 Dio·

259 1011 366 1076 genes,
390 987 442 1052 cni
459 1007 517 1075 pro
539 981 707 1050 Alexona's
730 983 898 1050 Alexandri
913 1008 1027 1052 nomen
1046 986 1243 1054 reddendum

261 1115 319 1180 eat,
341 1098 439 1191 quum
455 1099 532 1164 alibi
545 1098 660 1164 diserte
680 1097 808 1165 laudent
820 1097 1019 1186 Myrtilum,
1038 1101 1114 1166 alibi
1130 1103 1243 1170 omisso

259 1216 369 1306 gentili
393 1213 520 1280 nominc
536 1235 607 1279 enm
638 1226 886 1280 commemorent
909 1214 1129 1295 Alexandrum,
1148 1239 1244 1306 quem

258 1353 322 1396 esse
349 1327 542 1396 Cornelium
567 1329 674 1416 negari
698 1327 809 1395 idonea
833 1329 873 1394 de
897 1352 987 1396 causa
1012 1353 1075 1396 non
1093 1344 1197 1420 potest
1220 1332 1246 1400 ¹.

260 1443 345 1528 Quae
376 1441 503 1532 quidem
532 1443 666 1507 rationes
696 1443 774 1508 tanti
805 1465 870 1509 esse
902 1443 1049 1533 ponderis
1073 1445 1245 1530 ridentur,

261 1571 296 1624 ut
305 1557 469 1646 Myndium
483 1555 694 1622 Alexandrum
705 1557 798 1622 fuisse
807 1557 942 1624 eundem
952 1582 989 1626 ac
999 1557 1245 1648 Polyhistorem,

261 1674 314 1762 qui
339 1671 432 1759 rulqo
455 1684 605 1753 uocatur,
632 1669 758 1738 credam
782 1670 930 1761 equidem
955 1685 1051 1764 atque
1074 1687 1222 1744 statuam.

307 1786 391 1863 »At,
425 1785 568 1874 inquies,
599 1781 696 1850 Suida
728 1784 805 1874 quid
837 1786 959 1852 facies?
1005 1787 1090 1854 Num
1119 1789 1144 1854 is
1167 1791 1248 1858 adeo

259 1900 399 1978 mendax,
423 1913 458 1965 ut
482 1898 711 1986 Polyhistorem
736 1899 949 1966 Alexandrum
974 1900 1153 1968 Milesium
1176 1907 1243 1970 fin-

261 2016 363 2092 xerit,
388 2015 442 2102 qni
474 2015 569 2078 fuerit
587 2011 804 2100 Myndius?”
849 2015 888 2082 ln
911 2013 1025 2094 Suida,
1049 2017 1249 2106 negligentis·

261 2133 340 2196 simo
366 2128 518 2209 homine,
551 2127 689 2217 plurima
714 2131 811 2196 inesse
844 2153 924 2220 quae
948 2147 1127 2198 metarunt
1157 2157 1247 2200 men·

263 2244 375 2324 dacia,
401 2242 477 2333 quid
503 2243 632 2331 probem
658 2245 835 2334 exemplis?
883 2244 942 2312 Res
966 2245 1014 2313 rel
1034 2247 1072 2313 iis
1091 2250 1246 2336 arguitur,

264 2381 344 2448 quae
367 2355 406 2424 de
429 2356 515 2423 floro
538 2358 665 2438 femina,
692 2383 708 2424 a
734 2381 794 2448 qun
818 2359 932 2426 Judsci
950 2363 1129 2450 acceperint
1146 2362 1246 2451 leges,

262 2495 299 2538 ex
331 2471 426 2540 Coro.
458 2471 635 2538 Alexandro
667 2473 763 2538 refert
788 2472 814 2536 ².
862 2473 978 2539 Tamen
1009 2475 1169 2563 paululum
1195 2502 1248 2545 me

264 2599 402 2652 moveret
429 2589 495 2652 eius
519 2583 746 2676 qualiscunque
778 2589 963 2664 auctoritas,
987 2590 1011 2653 si
1036 2591 1248 2680 complurium

262 2701 508 2767 Alexandrornm
533 2723 652 2766 mernor
676 2701 798 2790 Myndii
823 2704 1013 2770 mentionem
1037 2705 1159 2771 fecisset
1182 2708 1248 2772 sin-

260 2817 411 2906 gularem.
460 2817 552 2882 Nunc
576 2815 654 2882 milri
680 2816 803 2883 videtur
827 2817 875 2884 rel
901 2819 1003 2907 ipsum
1029 2819 1173 2886 fefellisse
1197 2822 1246 2887 di-

260 2933 388 3019 ligentia
422 2931 469 2995 vel
502 2931 556 3020 qui
589 2955 660 2996 eum
691 2929 855 3021 descripsit
887 2931 1064 3000 librarium.
1113 2934 1193 3001 Illud
1219 2940 1246 3002 si

260 3046 389 3135 probos,
409 3044 520 3112 Suidns
536 3067 608 3110 cum
626 3043 754 3133 Myndio
771 3043 949 3130 Alexandro
968 3045 1154 3136 Ephesium
1170 3073 1246 3140 per·

251 3239 426 3251 -μ-σ---η

296 3359 319 3422 1)
340 3357 482 3424 Διαδοχὰς
499 3358 551 3408 dico
568 3359 624 3410 τῶν
641 3359 809 3422 φιλοσόφων,
827 3377 885 3424 qum
900 3361 1023 3424 Diogenes,
1041 3372 1064 3412 et
1082 3359 1247 3431 Περίπλους

256 3459 306 3520 τῆς
331 3453 452 3522 ἐρυθρᾶς
477 3453 645 3520 θαλάττης,
670 3471 737 3518 quana
765 3453 875 3504 Aeliunua
897 3455 985 3502 laudnt.
1019 3453 1052 3506 tlt.
1068 3455 1126 3503 infra
1142 3456 1156 3521 §
1173 3455 1205 3504 13
1222 3469 1246 3506 et

256 3544 298 3596 23.
345 3549 377 3595 lix
395 3546 505 3596 Athenaei
530 3547 548 3594 l.
572 3547 591 3594 l.
606 3545 697 3610 ¹conjici
721 3547 813 3610 quidem
836 3549 912 3610 poaait
935 3547 1087 3598 Scholiastana
1111 3550 1245 3614 Apollonii,

139 3711 142 3717 Ι
257 3639 378 3703 prinoipem
395 3639 461 3688 nobie
478 3648 592 3688 auctorem
607 3641 636 3688 de
653 3639 728 3703 patria
745 3641 884 3703 Alexandri,
902 3657 993 3690 cauom
1009 3641 1187 3711 nolndqpa'nc
1207 3643 1247 3692 Li·

257 3735 332 3800 lrpaa,
357 3751 425 3798 quarn
442 3734 509 3784 tradit
528 3735 565 3784 ll.
585 3733 667 3796 1515,
685 3735 815 3799 cognovisse
832 3753 862 3784 ex
880 3735 964 3786 zoor
989 3737 1117 3807 ἱστορίᾳ,
1136 3738 1176 3786 aed
1192 3755 1247 3786 aua·

257 3832 297 3880 det
313 3831 388 3893 potina
404 3831 470 3891 ratio,
487 3839 513 3878 nt
528 3831 675 3894 libycorum
691 3831 757 3881 Coro,
775 3831 896 3879 Alexandri
911 3833 1058 3896 fragmentum
1075 3849 1124 3880 eaae
1136 3839 1246 3894 potemur.

257 3923 347 3988 Alioqui
364 3923 490 3973 Scholiasta
507 3941 590 3973 norum
609 3936 764 3989 argumentum
783 3925 951 3989 suppeditent,
971 3944 1017 3989 qno
1036 3925 1170 3990 Polybiatori
1181 3925 1248 3990 ttyn-

257 4019 302 4067 due
320 4017 390 4080 patria
408 4017 567 4066 vindicaretur.

295 4111 318 4174 ²)
339 4112 437 4174 Utroque
456 4113 507 4160 loco
526 4129 592 4174 supra
610 4112 671 4160 laud.
710 4113 775 4161 llere
792 4113 839 4175 ipra
859 4131 948 4177 agemus
966 4115 978 4178 ᾖ
999 4114 1008 4160 l
1029 4127 1051 4164 et
1073 4114 1111 4162 18.
