2940 4920
736 402 778 468 99

270 585 339 652 cab.
360 589 490 658 ΜΡΝ
509 587 618 655 turbas
639 588 711 655 fecit
734 589 773 656 ll.
791 593 828 673 3,
853 591 933 673 119,
959 590 1016 656 ubi
1038 616 1095 682 pro
1116 591 1164 681 ἠδ’
1181 591 1250 684 dpv'

269 700 399 772 ἐκέλευεν
411 705 543 769 omnino
568 702 790 794 reponendum
812 705 883 772 Fert
904 701 994 795 Fripr'
1014 705 1043 774 ε’.

315 815 358 880 ΙΙ.
381 815 475 881 Hom.
495 815 533 882 ll.
550 815 602 898 19,
618 817 803 884 289-392.
829 821 1008 906 Βρισηῒς-
1028 814 1108 906 κήδε’
1126 815 1247 904 dmm-q.

270 927 402 994 Frustra
424 929 508 996 doctr¹
531 927 721 995 laborarunt
749 953 808 996 nec
840 929 1019 1019 quidquam
1054 931 1249 995 intentatum

154 1079 156 1086 ·
270 1037 470 1132 reliquerunt
492 1043 526 1108 in
549 1041 745 1132 expediendo
770 1059 803 1108 et
828 1041 1028 1110 emendando
1049 1040 1136 1124 loco,
1154 1039 1248 1108 nullo

269 1154 365 1219 modo
389 1155 429 1220 ad
452 1155 636 1220 Homericae
659 1151 788 1248 linguae
812 1179 960 1220 normam
982 1154 1170 1246 redigendo,
1192 1153 1251 1220 sed

270 1268 475 1334 recentiorem
492 1267 645 1362 fabricam
664 1285 825 1362 arguente.
863 1269 912 1334 lta
926 1270 990 1334 iam
1011 1267 1250 1360 quodammodo

268 1383 444 1468 suspicatus
475 1405 539 1448 esse
571 1383 698 1448 videtur
730 1381 892 1474 Heynius,
924 1399 1040 1448 temere
1072 1379 1251 1448 reluctante

269 1491 445 1582 Spitznero.
479 1495 580 1561 Nobis
602 1497 733 1586 quidem
756 1497 1028 1586 persuasissimum
1055 1511 1116 1576 est,
1140 1491 1252 1560 locum

270 1621 374 1671 totum
393 1625 553 1696 quantum
586 1634 604 1674 a
630 1608 787 1699 rhapsodo
815 1609 968 1700 quopiam
995 1609 1251 1674 consarcinatum

269 1741 334 1784 esse
363 1717 515 1811 bonoque
545 1723 683 1788 Homero
715 1738 873 1800 assutum3
896 1724 939 1788 ita
963 1722 1094 1813 quidem
1118 1737 1154 1788 ut
1179 1737 1252 1810 post

269 1829 388 1900 lectum
404 1859 433 1900 v.
451 1836 511 1898 281
539 1859 557 1900 e
578 1833 651 1901 luce
672 1837 705 1900 in
735 1835 881 1902 tenebras
904 1837 1029 1918 venire,
1051 1851 1122 1926 post
1142 1851 1252 1901 autem

270 1970 300 2012 v.
316 1946 380 2012 302
392 1949 426 2012 in
445 1945 551 2014 lucem
566 1949 668 2031 redire
686 1947 824 2041 legentes
839 1949 1014 2016 videamur.
1038 1951 1128 2033 Quae
1143 1964 1251 2014 autem

268 2076 353 2125 certa
377 2059 418 2126 ad
444 2059 533 2126 litem
554 2061 767 2126 dirimendam
792 2079 980 2155 argumenta
1004 2079 1035 2128 et
1064 2063 1180 2129 indicia
1197 2085 1251 2129 re-

270 2175 385 2262 perisse
401 2173 494 2240 nobis
516 2175 672 2256 videmur,
692 2175 770 2240 haec
784 2191 869 2241 sunt.
1000 2209 1003 2216 ·

314 2287 383 2350 Iam
397 2289 502 2352 statim
516 2289 718 2356 Homericam
733 2286 879 2382 linguam
899 2287 1090 2356 callentibus
1106 2285 1254 2354 officiunt

269 2399 357 2471 ἔπειτ’
386 2404 489 2492 ἰκέλη,
512 2399 632 2492 quibus
668 2399 828 2470 Bentleius
857 2401 1118 2470 substituendum
1146 2417 1253 2496 censet

270 2513 370 2584 ἔπειτα
388 2517 485 2602 δέμας
500 2513 617 2606 rosta.
659 2515 805 2582 Frustra:
828 2513 947 2582 vulnus
964 2513 1140 2582 insanabile
1156 2531 1201 2580 est
1220 2532 1253 2580 et

270 2627 368 2696 rerba
392 2632 435 2696 ita
472 2629 513 2695 ab
546 2628 797 2728 interpolationis
831 2646 960 2695 auctore
995 2645 1072 2694 sunt
1101 2625 1252 2720 profecta.

271 2743 355 2808 Nam
376 2736 600 2834 antiquorum,
619 2743 675 2808 sed
694 2742 735 2808 ab
754 2741 981 2836 Alexandrinis
1001 2739 1112 2808 leviter
1131 2743 1253 2841 immu-

271 2873 422 2940 tatorum,
440 2856 538 2924 sacilis
555 2857 712 2924 medicina
725 2873 780 2922 est.
801 2854 925 2922 Deinde
938 2859 983 2948 (v.
999 2856 1078 2944 286)
1094 2855 1250 2944 correptio

271 2987 345 3036 ante
366 2987 489 3036 mutam
511 2988 543 3038 et
564 2969 720 3062 liquidam
739 2977 775 3038 xi
797 2971 831 3034 in
848 2967 1007 3058 Πάτροκλε
1026 2967 1183 3038 recentior
1206 2983 1254 3032 est

272 3083 427 3166 Homero,
454 3086 511 3176 qui
532 3099 713 3150 constanter
734 3077 947 3174 penultimam
971 3081 1129 3172 producit.
1174 3075 1252 3147 Vid.

273 3195 310 3262 ll.
335 3198 374 3262 16
404 3175 528 3288 passim.
559 3199 659 3266 Porro
690 3223 720 3262 v.
750 3197 815 3262 288
836 3195 904 3262 hiat
930 3197 1045 3262 oratio:
1072 3200 1110 3266 ’σε
1130 3197 1254 3267 ἔλειπον.

271 3309 373 3376 Simili
400 3311 496 3378 modo
514 3311 631 3404 legitur
652 3335 749 3400 supra
771 3335 801 3376 v.
819 3309 861 3375 93
880 3319 940 3402 ἄρα
956 3305 1023 3399 ἥγε,
1044 3333 1126 3400 quae
1149 3308 1254 3376 eidem

271 3425 399 3494 sortasse
417 3427 538 3493 auctori
560 3425 728 3493 debentur.
757 3423 799 3492 V.
817 3425 882 3490 992
896 3423 1014 3515 pellem
1031 3423 1160 3492 ovillam
1172 3423 1253 3514 lupo

273 3537 366 3629 plane
376 3539 514 3606 detrabit
530 3537 727 3606 vocabulum
742 3536 833 3622 εἶδον,
854 3539 943 3629 quod
961 3537 1053 3604 valde
1068 3561 1177 3604 recens
1196 3553 1252 3604 est

273 3651 439 3720 Homerica
456 3671 546 3719 sunt:
564 3655 736 3723 tremant
751 3653 853 3734 Εἶδον,
873 3668 1017 3742 correpta
1028 3675 1151 3742 semper
1162 3649 1254 3716 litera

272 3793 293 3832 1.
331 3764 375 3832 V.
398 3767 463 3831 991
488 3767 625 3856 κηδείους
643 3789 806 3855 nusquam
837 3767 939 3830 utitur
964 3765 1134 3832 Homerus.
1166 3763 1253 3831 Ibid.

271 3871 390 3942 locutio
416 3879 548 3968 ὀλέθριον
566 3873 668 3968 ἦμαρ,
694 3901 761 3943 non
787 3877 847 3944 nisi
870 3877 932 3944 hoc
959 3875 1044 3944 libro
1062 3877 1156 3946 obvia
1172 3879 1252 3967 (vid.

273 3987 356 4054 infra
383 4015 414 4054 v.
445 3990 540 4080 199),
574 3989 616 4056 ab
638 3989 807 4057 Homerica
828 3991 1061 4058 consuetudine
1085 3989 1253 4068 abhorret;

272 4101 420 4193 μόρσιμον
438 4097 523 4194 ἦμαρ
547 4105 586 4172 de
599 4121 701 4172 morte
723 4105 848 4174 dicitur.
871 4107 948 4196 (vid.
966 4104 1005 4174 lt
1025 4108 1080 4184 ts,
1099 4106 1253 4186 913;91,
