2942 4902
756 315 800 410 ro

286 535 365 604 meis
384 533 529 615 aedibus,
553 536 645 600 cuius
673 533 808 600 domum
828 531 871 600 ad
892 554 997 598 meatu
1018 529 1266 600 exhauriendam

287 650 484 742 patefecerat,
500 647 640 730 sedebat,
657 671 726 714 non
740 649 922 727 exstinctor,
933 644 1108 712 sedauctor
1117 644 1268 725 incendii,

287 779 319 830 et
342 763 486 830 ardentes
516 760 598 828 facea
623 759 714 826 furiis
743 757 907 834 Clodianis
937 781 1039 848 paene
1064 760 1131 848 ipso
1156 754 1268 824 consul

286 877 500 946 ministrabat.

331 1105 459 1172 XXIX.
480 1105 533 1169 94.
555 1103 621 1172 Sed
644 1105 668 1186 ¹,
694 1121 733 1170 ut
758 1125 869 1176 amen
896 1123 992 1170 causa
1015 1101 1081 1168 ium
1104 1097 1267 1179 medan,

288 1214 429 1307 reliquas
445 1215 532 1282 illins
550 1218 628 1283 anni
644 1233 745 1307 pestm
761 1215 975 1282 recordemur.
999 1213 1086 1281 Nam
1102 1211 1183 1278 latae
1194 1213 1269 1302 qui-

287 1326 363 1394 dem
388 1344 466 1394 sunt
494 1326 682 1394 consulibus
708 1325 784 1410 illis,
811 1324 989 1394 tacentibus
1019 1322 1145 1392 dioami
1170 1325 1269 1390 immo

288 1463 364 1509 vero
384 1444 480 1508 etiam
500 1441 770 1534 approbantibus:
784 1457 822 1508 ut
838 1442 980 1508 censoria
994 1441 1083 1506 notio
1100 1455 1133 1504 et
1150 1439 1270 1531 gravis-

158 1557 170 1570 '
288 1556 406 1622 simum
424 1555 580 1621 iudicium
596 1556 783 1621 sanctissimi
798 1556 999 1647 magistratus
1023 1552 1064 1618 de
1084 1575 1118 1618 re
1139 1548 1269 1641 publica

287 1665 466 1734 tolleretur:
490 1685 528 1733 ut
547 1665 679 1760 collegia
699 1691 768 1734 non
783 1667 880 1732 modo
901 1665 956 1731 illa
973 1682 1078 1733 vetera
1094 1680 1205 1732 contra
1219 1687 1270 1730 se-

287 1789 383 1848 natus
402 1779 588 1849 consultum
608 1783 859 1863 restituerentur,
879 1780 936 1846 sed
956 1777 999 1846 ab
1016 1802 1084 1846 uno
1097 1777 1270 1872 gladiatore

286 1893 537 1962 innumerabilia
561 1892 623 1960 alia
642 1917 728 1962 nova
744 1893 1040 1962 conscriberentur:
1051 1909 1118 1975 ut,
1135 1893 1270 1960 remissis

287 2007 469 2076 semissibus
490 2025 523 2074 et
549 2006 737 2088 trientibus,
773 2010 888 2098 quinta
908 2029 1009 2098 prope
1031 2031 1104 2097 pars
1132 2010 1270 2102 vectiga-

286 2119 561 2190 lium'tolletetur:
585 2136 623 2184 ut
640 2117 793 2202 Gabinio,
813 2145 872 2211 pm
888 2120 943 2188 illa
961 2145 1019 2188 sua
1030 2119 1154 2204 Cilicia,
1170 2145 1270 2214 quam

216 2221 222 2234 ’
287 2231 367 2314 sibi,
386 2234 502 2298 sircm
522 2228 690 2320 publicam
714 2233 920 2321 prodidisset,
944 2249 1157 2323 pacauerat,
1177 2234 1271 2326 Syria

288 2343 433 2446 daretur:
456 2357 495 2408 ut
520 2344 580 2410 uni
600 2341 736 2410 heluoni
757 2343 809 2412 bis
827 2345 868 2412 de
888 2345 1001 2414 eadem
1021 2370 1056 2412 re
1081 2345 1270 2416 deliberanti

286 2469 424 2546 potetas
451 2469 547 2538 tutet,
574 2471 682 2548 rogata
698 2454 785 2550 lege,
806 2459 990 2557 pruvincioe
1008 2461 1268 2530 commutandae:

287 2568 361 2636 αι’
383 2566 508 2636 homini
528 2570 727 2662 egendnimo
747 2587 780 2640 et
799 2569 1080 2657 facinerosissimo,
1099 2573 1173 2644 Sex.
1191 2572 1270 2642 Clo-

212 2745 216 2754 .
288 2681 358 2765 dio,
379 2703 479 2752 onme
495 2680 697 2750 frumentum
716 2687 885 2775 privatum
897 2704 930 2754 et
946 2686 1135 2778 publicum,
1157 2711 1270 2756 omues

287 2796 472 2886 provintiae
490 2795 727 2882 frtnnentariae,
743 2823 854 2870 omnes
870 2803 1044 2892 mancipes,
1063 2827 1174 2872 omnes
1193 2803 1271 2870 hor-

288 2931 419 2978 reorum
433 2907 537 2978 clares
551 2911 762 2980 traderentur.
794 2915 869 2998 Qua
888 2937 927 2984 ex
947 2939 981 2982 re
999 2917 1142 3006 primum
1159 2917 1270 2984 caritas

287 3037 365 3090 neta
382 3038 444 3090 est:
462 3021 581 3092 deinde
597 3026 715 3116 inopia.
741 3027 953 3118 Impendebat
969 3028 1087 3112 fanan,
1106 3029 1269 3111 inoendia,

288 3133 409 3217 caedes,
429 3133 573 3225 direptio.
611 3137 664 3204 95.
686 3140 782 3208 Mitto
805 3141 820 3184 ³
840 3166 912 3212 eam
925 3141 1044 3236 legem,
1062 3167 1147 3234 qttae
1162 3145 1281 3214 omnia.

288 3246 360 3312 iura
376 3242 583 3338 religionum,
603 3253 820 3342 auspiciorum
838 3271 1038 3344 potestatem,
1055 3279 1165 3325 omues
1175 3255 1269 3348 leges,

288 3381 372 3449 quae
390 3375 468 3426 sunt
495 3360 535 3426 de
553 3363 623 3430 iure
641 3364 733 3432 etde
748 3383 892 3456 tempore
908 3365 1018 3460 legum
1043 3369 1269 3461 rogandarum,

288 3495 356 3539 una
383 3475 545 3566 rogatione
572 3475 701 3546 delevit:
729 3481 824 3546 mitto
847 3503 977 3548 omnem
997 3481 1202 3550 domesticam
1221 3480 1271 3548 la·-

286 3583 378 3652 bem:
393 3587 489 3652 etiam
504 3605 623 3658 exteras
640 3595 785 3661 nadones
799 3591 885 3660 illius
896 3595 974 3660 anni
989 3593 1096 3662 surore
1109 3619 1270 3686 conquas-

286 3715 368 3766 satas
386 3699 583 3772 videbamus.
615 3707 699 3800 Lege
721 3706 894 3776 tribunicia
913 3709 1026 3776 Matris
1045 3710 1184 3802 Magnae
1192 3710 1270 3776 Pes-

324 3957 345 4028 ¹)
363 3973 408 4024 1³¹0
421 3960 503 4014 &¹150
519 3977 544 4013 ο·
560 3965 604 4016 2⁵·
622 3965 636 4030 i
654 3971 698 4018 55.
720 3995 754 4006 ·-·
781 3965 805 4036 Ι)
821 3983 865 4034 pro
880 3969 955 4022 Domo
973 3981 1018 4018 sua
1038 3981 1060 4019 c.
1083 3970 1125 4020 10.
1143 3967 1212 4034 μ’).
1234 3995 1269 4006 -

288 4053 310 4122 ⁸)
325 4071 369 4121 pro
385 4057 468 4108 Sextio
480 4073 504 4108 c.
515 4059 561 4109 26.
575 4057 589 4124 d
601 4062 644 4111 56.
