<?xml version="1.0" encoding="UTF-8"?>
<!DOCTYPE html PUBLIC "-//W3C//DTD XHTML 1.0 Transitional//EN"
    "http://www.w3.org/TR/xhtml1/DTD/xhtml1-transitional.dtd">
<html xmlns="http://www.w3.org/1999/xhtml" xml:lang="en" lang="en">
 <head>
  <title>
</title>
<meta http-equiv="Content-Type" content="text/html;charset=utf-8" />
  <meta name='ocr-system' content='tesseract 3.04.00' />
  <meta name='ocr-capabilities' content='ocr_page ocr_carea ocr_par ocr_line ocrx_word'/>
</head>
<body>
  <div class='ocr_page' id='page_1' title='image "./miscellaneaphil00paedgoog_0170.png"; bbox 0 0 2772 4902; ppageno 0'>
   <div class='ocr_carea' id='block_1_1' title="bbox 658 259 717 320">
    <p class='ocr_par' dir='ltr' id='par_1_1' title="bbox 658 259 717 320">
     <span class='ocr_line' id='line_1_1' title="bbox 658 259 717 320; baseline 0.068 -3"><span class='ocrx_word' id='word_1_1' title='bbox 658 259 717 320; x_wconf 80' lang='lat'><strong>155</strong></span> 
     </span>
    </p>
   </div>
   <div class='ocr_carea' id='block_1_2' title="bbox 151 438 1185 3624">
    <p class='ocr_par' dir='ltr' id='par_1_2' title="bbox 151 438 1185 3624">
     <span class='ocr_line' id='line_1_2' title="bbox 181 438 1180 532; baseline 0.008 -28"><span class='ocrx_word' id='word_1_2' title='bbox 181 438 330 518; x_wconf 85' lang='lat' dir='ltr'><strong>scriniis,</strong></span> <span class='ocrx_word' id='word_1_3' title='bbox 354 439 398 506; x_wconf 86' lang='lat' dir='ltr'><strong>ab</strong></span> <span class='ocrx_word' id='word_1_4' title='bbox 420 439 497 506; x_wconf 91' lang='lat' dir='ltr'><strong>orbe</strong></span> <span class='ocrx_word' id='word_1_5' title='bbox 520 438 648 506; x_wconf 90' lang='lat' dir='ltr'><strong>condito</strong></span> <span class='ocrx_word' id='word_1_6' title='bbox 676 461 774 531; x_wconf 89' lang='lat' dir='ltr'><strong>nsque</strong></span> <span class='ocrx_word' id='word_1_7' title='bbox 797 438 836 506; x_wconf 91' lang='lat' dir='ltr'><strong>ad</strong></span> <span class='ocrx_word' id='word_1_8' title='bbox 856 455 1100 532; x_wconf 73' lang='lat' dir='ltr'><strong>expugnatuma</strong></span> <span class='ocrx_word' id='word_1_9' title='bbox 1123 445 1180 512; x_wconf 89' lang='lat' dir='ltr'><strong>Ba·</strong></span> 
     </span>
     <span class='ocr_line' id='line_1_3' title="bbox 181 552 1180 650; baseline 0.009 -33"><span class='ocrx_word' id='word_1_10' title='bbox 181 553 330 642; x_wconf 77' lang='lat' dir='ltr'><strong>bylcniis</strong></span> <span class='ocrx_word' id='word_1_11' title='bbox 356 575 487 642; x_wconf 77' lang='lat' dir='ltr'><strong>regnum</strong></span> <span class='ocrx_word' id='word_1_12' title='bbox 508 552 668 622; x_wconf 72' lang='lat' dir='ltr'>historiam</span> <span class='ocrx_word' id='word_1_13' title='bbox 689 555 875 623; x_wconf 86' lang='lat' dir='ltr'><strong>ludaeorum</strong></span> <span class='ocrx_word' id='word_1_14' title='bbox 888 561 1084 649; x_wconf 85' lang='lat' dir='ltr'><strong>conscripsit,</strong></span> <span class='ocrx_word' id='word_1_15' title='bbox 1103 584 1180 650; x_wconf 90' lang='lat' dir='ltr'><strong>opus</strong></span> 
     </span>
     <span class='ocr_line' id='line_1_4' title="bbox 181 667 1178 758; baseline 0.008 -24"><span class='ocrx_word' id='word_1_16' title='bbox 181 670 298 758; x_wconf 78' lang='lat' dir='ltr'><strong>magui</strong></span> <span class='ocrx_word' id='word_1_17' title='bbox 312 667 465 749; x_wconf 75' lang='lat' dir='ltr'><strong>ambitus,</strong></span> <span class='ocrx_word' id='word_1_18' title='bbox 478 671 566 735; x_wconf 87' lang='lat' dir='ltr'><strong>cuius</strong></span> <span class='ocrx_word' id='word_1_19' title='bbox 582 670 694 758; x_wconf 79' lang='lat' dir='ltr'><strong>singuli</strong></span> <span class='ocrx_word' id='word_1_20' title='bbox 709 670 784 736; x_wconf 83' lang='lat' dir='ltr'>libri</span> <span class='ocrx_word' id='word_1_21' title='bbox 800 695 869 737; x_wconf 88' lang='lat' dir='ltr'><strong>suos</strong></span> <span class='ocrx_word' id='word_1_22' title='bbox 881 671 1040 740; x_wconf 88' lang='lat' dir='ltr'><strong>habebant</strong></span> <span class='ocrx_word' id='word_1_23' title='bbox 1058 676 1178 758; x_wconf 88' lang='lat' dir='ltr'><strong>titulos,</strong></span> 
     </span>
     <span class='ocr_line' id='line_1_5' title="bbox 181 783 1180 871; baseline 0.007 -23"><span class='ocrx_word' id='word_1_24' title='bbox 181 797 222 850; x_wconf 88' lang='lat' dir='ltr'><strong>nt</strong></span> <span class='ocrx_word' id='word_1_25' title='bbox 246 784 292 849; x_wconf 84' lang='lat' dir='ltr'><strong>de</strong></span> <span class='ocrx_word' id='word_1_26' title='bbox 316 783 462 862; x_wconf 85' lang='lat' dir='ltr'><strong>ds&#39;lssua&#39;o,</strong></span> <span class='ocrx_word' id='word_1_27' title='bbox 477 785 526 850; x_wconf 81' lang='lat' dir='ltr'><strong>&#39;sle</strong></span> <span class='ocrx_word' id='word_1_28' title='bbox 543 789 654 850; x_wconf 81' lang='lat' dir='ltr'><strong>turris</strong></span> <span class='ocrx_word' id='word_1_29' title='bbox 674 784 843 871; x_wconf 78' lang='lat' dir='ltr'><strong>aedificio,</strong></span> <span class='ocrx_word' id='word_1_30' title='bbox 868 787 909 852; x_wconf 85' lang='lat' dir='ltr'><strong>dc</strong></span> <span class='ocrx_word' id='word_1_31' title='bbox 926 786 1033 868; x_wconf 87' lang='lat' dir='ltr'><strong>Mose,</strong></span> <span class='ocrx_word' id='word_1_32' title='bbox 1053 791 1094 854; x_wconf 86' lang='lat' dir='ltr'><strong>de</strong></span> <span class='ocrx_word' id='word_1_33' title='bbox 1115 787 1180 855; x_wconf 85' lang='lat' dir='ltr'><strong>Se·</strong></span> 
     </span>
     <span class='ocr_line' id='line_1_6' title="bbox 178 897 1176 985; baseline 0.005 -21"><span class='ocrx_word' id='word_1_34' title='bbox 178 898 389 978; x_wconf 75' lang='lat' dir='ltr'><strong>mtertoa,</strong></span> <span class='ocrx_word' id='word_1_35' title='bbox 418 897 459 964; x_wconf 87' lang='lat' dir='ltr'><strong>dc</strong></span> <span class='ocrx_word' id='word_1_36' title='bbox 482 898 805 966; x_wconf 73' lang='lat' dir='ltr'><strong>nabochodonosore</strong></span> <span class='ocrx_word' id='word_1_37' title='bbox 831 902 911 968; x_wconf 87' lang='lat' dir='ltr'><strong>etc.”</strong></span> <span class='ocrx_word' id='word_1_38' title='bbox 930 902 954 966; x_wconf 89' lang='lat'><strong>¹.</strong></span> <span class='ocrx_word' id='word_1_39' title='bbox 1003 903 1088 969; x_wconf 90' lang='lat' dir='ltr'><strong>llaec</strong></span> <span class='ocrx_word' id='word_1_40' title='bbox 1111 903 1176 985; x_wconf 88' lang='lat' dir='ltr'><strong>ille,</strong></span> 
     </span>
     <span class='ocr_line' id='line_1_7' title="bbox 182 1010 1180 1102; baseline 0.008 -26"><span class='ocrx_word' id='word_1_41' title='bbox 182 1010 309 1102; x_wconf 87' lang='lat' dir='ltr'><strong>quibus</strong></span> <span class='ocrx_word' id='word_1_42' title='bbox 332 1010 406 1078; x_wconf 91' lang='lat' dir='ltr'><strong>luce</strong></span> <span class='ocrx_word' id='word_1_43' title='bbox 427 1011 540 1078; x_wconf 87' lang='lat' dir='ltr'><strong>clarius</strong></span> <span class='ocrx_word' id='word_1_44' title='bbox 563 1012 683 1080; x_wconf 91' lang='lat' dir='ltr'><strong>indicat</strong></span> <span class='ocrx_word' id='word_1_45' title='bbox 698 1014 759 1080; x_wconf 91' lang='lat' dir='ltr'><strong>sibi</strong></span> <span class='ocrx_word' id='word_1_46' title='bbox 772 1014 870 1079; x_wconf 87' lang='lat' dir='ltr'><strong>sideri</strong></span> <span class='ocrx_word' id='word_1_47' title='bbox 891 1013 1061 1082; x_wconf 79' lang='lat' dir='ltr'>Eusebium</span> <span class='ocrx_word' id='word_1_48' title='bbox 1081 1021 1180 1086; x_wconf 90' lang='lat' dir='ltr'><strong>conti·</strong></span> 
     </span>
     <span class='ocr_line' id='line_1_8' title="bbox 180 1125 1179 1221; baseline 0.01 -31"><span class='ocrx_word' id='word_1_49' title='bbox 180 1148 289 1192; x_wconf 86' lang='lat' dir='ltr'><strong>nuum</strong></span> <span class='ocrx_word' id='word_1_50' title='bbox 302 1127 515 1214; x_wconf 69' lang='lat' dir='ltr'><strong>fragmentum</strong></span> <span class='ocrx_word' id='word_1_51' title='bbox 535 1125 686 1194; x_wconf 88' lang='lat' dir='ltr'><strong>exhibere</strong></span> <span class='ocrx_word' id='word_1_52' title='bbox 698 1150 737 1194; x_wconf 87' lang='lat' dir='ltr'><strong>ex</strong></span> <span class='ocrx_word' id='word_1_53' title='bbox 751 1131 951 1210; x_wconf 76' lang='grc' dir='ltr'><strong><em>Ἰουδαϊκοῖς</em></strong></span> <span class='ocrx_word' id='word_1_54' title='bbox 964 1131 1179 1221; x_wconf 80' lang='lat' dir='ltr'><strong>Polyhistoris‚</strong></span> 
     </span>
     <span class='ocr_line' id='line_1_9' title="bbox 176 1241 1178 1336; baseline 0.012 -33"><span class='ocrx_word' id='word_1_55' title='bbox 176 1263 267 1330; x_wconf 84' lang='lat' dir='ltr'><strong>qnae</strong></span> <span class='ocrx_word' id='word_1_56' title='bbox 295 1241 408 1329; x_wconf 87' lang='lat' dir='ltr'><strong>opinio</strong></span> <span class='ocrx_word' id='word_1_57' title='bbox 431 1264 524 1330; x_wconf 85' lang='lat' dir='ltr'><strong>quarn</strong></span> <span class='ocrx_word' id='word_1_58' title='bbox 545 1241 678 1309; x_wconf 77' lang='lat' dir='ltr'><strong>sitieris</strong></span> <span class='ocrx_word' id='word_1_59' title='bbox 696 1254 728 1308; x_wconf 91' lang='lat' dir='ltr'><strong>et</strong></span> <span class='ocrx_word' id='word_1_60' title='bbox 747 1244 907 1310; x_wconf 87' lang='lat' dir='ltr'><strong>incondita</strong></span> <span class='ocrx_word' id='word_1_61' title='bbox 932 1269 1023 1336; x_wconf 88' lang='lat' dir='ltr'><strong>supra</strong></span> <span class='ocrx_word' id='word_1_62' title='bbox 1044 1271 1093 1313; x_wconf 90' lang='lat' dir='ltr'><strong>me</strong></span> <span class='ocrx_word' id='word_1_63' title='bbox 1111 1273 1178 1315; x_wconf 91' lang='lat' dir='ltr'><strong>mo-</strong></span> 
     </span>
     <span class='ocr_line' id='line_1_10' title="bbox 178 1355 1178 1451; baseline 0.005 -29"><span class='ocrx_word' id='word_1_64' title='bbox 178 1378 261 1422; x_wconf 81' lang='lat' dir='ltr'><strong>nere</strong></span> <span class='ocrx_word' id='word_1_65' title='bbox 288 1355 462 1422; x_wconf 79' lang='lat' dir='ltr'><strong>memini².</strong></span> <span class='ocrx_word' id='word_1_66' title='bbox 508 1355 595 1423; x_wconf 86' lang='lat' dir='ltr'><strong>Idem</strong></span> <span class='ocrx_word' id='word_1_67' title='bbox 629 1357 765 1424; x_wconf 78' lang='lat' dir='ltr'><strong>saletio</strong></span> <span class='ocrx_word' id='word_1_68' title='bbox 790 1358 917 1442; x_wconf 90' lang='lat' dir='ltr'><strong>titulos,</strong></span> <span class='ocrx_word' id='word_1_69' title='bbox 949 1383 1028 1449; x_wconf 86' lang='lat' dir='ltr'><strong>quos</strong></span> <span class='ocrx_word' id='word_1_70' title='bbox 1052 1363 1178 1451; x_wconf 79' lang='lat' dir='ltr'><strong>singulis</strong></span> 
     </span>
     <span class='ocr_line' id='line_1_11' title="bbox 177 1469 1185 1565; baseline 0.01 -32"><span class='ocrx_word' id='word_1_71' title='bbox 177 1470 277 1536; x_wconf 80' lang='lat' dir='ltr'><strong>libris</strong></span> <span class='ocrx_word' id='word_1_72' title='bbox 304 1469 376 1538; x_wconf 82' lang='lat' dir='ltr'><strong>vult</strong></span> <span class='ocrx_word' id='word_1_73' title='bbox 399 1472 612 1560; x_wconf 84' lang='lat' dir='ltr'><strong>praepositos:</strong></span> <span class='ocrx_word' id='word_1_74' title='bbox 634 1493 707 1537; x_wconf 90' lang='lat' dir='ltr'><strong>nam</strong></span> <span class='ocrx_word' id='word_1_75' title='bbox 727 1472 812 1558; x_wconf 89' lang='lat' dir='ltr'><strong>quod</strong></span> <span class='ocrx_word' id='word_1_76' title='bbox 837 1474 914 1539; x_wconf 87' lang='lat' dir='ltr'><strong>tales</strong></span> <span class='ocrx_word' id='word_1_77' title='bbox 937 1477 1092 1565; x_wconf 81' lang='lat' dir='ltr'><strong>excerptis</strong></span> <span class='ocrx_word' id='word_1_78' title='bbox 1116 1479 1185 1543; x_wconf 88' lang='lat' dir='ltr'><strong>suis·</strong></span> 
     </span>
     <span class='ocr_line' id='line_1_12' title="bbox 177 1584 1179 1676; baseline 0.004 -24"><span class='ocrx_word' id='word_1_79' title='bbox 177 1585 401 1676; x_wconf 82' lang='lat' dir='ltr'><strong>praemittere</strong></span> <span class='ocrx_word' id='word_1_80' title='bbox 422 1585 559 1652; x_wconf 80' lang='lat' dir='ltr'><strong>Eusebio</strong></span> <span class='ocrx_word' id='word_1_81' title='bbox 582 1598 615 1650; x_wconf 90' lang='lat' dir='ltr'><strong>et</strong></span> <span class='ocrx_word' id='word_1_82' title='bbox 627 1584 776 1675; x_wconf 86' lang='lat' dir='ltr'><strong>Syneello</strong></span> <span class='ocrx_word' id='word_1_83' title='bbox 789 1587 918 1674; x_wconf 77' lang='lat' dir='ltr'>placuit,</span> <span class='ocrx_word' id='word_1_84' title='bbox 932 1587 1005 1654; x_wconf 89' lang='lat' dir='ltr'><strong>ideo</strong></span> <span class='ocrx_word' id='word_1_85' title='bbox 1022 1588 1068 1654; x_wconf 83' lang='lat' dir='ltr'><strong>&#39;ab</strong></span> <span class='ocrx_word' id='word_1_86' title='bbox 1085 1591 1179 1656; x_wconf 87' lang='lat' dir='ltr'><strong>Alex-</strong></span> 
     </span>
     <span class='ocr_line' id='line_1_13' title="bbox 178 1699 1179 1789; baseline 0.004 -23"><span class='ocrx_word' id='word_1_87' title='bbox 178 1699 287 1766; x_wconf 80' lang='lat' dir='ltr'><strong>andro</strong></span> <span class='ocrx_word' id='word_1_88' title='bbox 312 1699 401 1766; x_wconf 86' lang='lat' dir='ltr'><strong>idem</strong></span> <span class='ocrx_word' id='word_1_89' title='bbox 430 1701 547 1766; x_wconf 83' lang='lat' dir='ltr'><strong>factum</strong></span> <span class='ocrx_word' id='word_1_90' title='bbox 578 1701 777 1788; x_wconf 76' lang='lat' dir='ltr'><strong>Wegenerus</strong></span> <span class='ocrx_word' id='word_1_91' title='bbox 808 1713 909 1789; x_wconf 86' lang='lat' dir='ltr'><strong>putat.</strong></span> <span class='ocrx_word' id='word_1_92' title='bbox 952 1701 1056 1768; x_wconf 86' lang='lat' dir='ltr'><strong>Aliam</strong></span> <span class='ocrx_word' id='word_1_93' title='bbox 1093 1717 1179 1770; x_wconf 89' lang='lat' dir='ltr'><strong>certe</strong></span> 
     </span>
     <span class='ocr_line' id='line_1_14' title="bbox 184 1813 1178 1905; baseline 0.004 -27"><span class='ocrx_word' id='word_1_94' title='bbox 184 1835 312 1882; x_wconf 74' lang='lat' dir='ltr'><strong>nesam</strong></span> <span class='ocrx_word' id='word_1_95' title='bbox 326 1813 477 1902; x_wconf 79' lang='lat' dir='ltr'><strong>equidem</strong></span> <span class='ocrx_word' id='word_1_96' title='bbox 497 1814 613 1882; x_wconf 90' lang='lat' dir='ltr'><strong>nnllam</strong></span> <span class='ocrx_word' id='word_1_97' title='bbox 631 1816 766 1880; x_wconf 82' lang='lat' dir='ltr'><strong>invenio.</strong></span> <span class='ocrx_word' id='word_1_98' title='bbox 800 1814 965 1904; x_wconf 75' lang='lat' dir='ltr'><strong>Synccllo?</strong></span> <span class='ocrx_word' id='word_1_99' title='bbox 978 1838 1079 1905; x_wconf 82' lang='lat' dir='ltr'><strong>roges.</strong></span> <span class='ocrx_word' id='word_1_100' title='bbox 1115 1816 1178 1882; x_wconf 90' lang='lat' dir='ltr'><strong>lte·</strong></span> 
     </span>
     <span class='ocr_line' id='line_1_15' title="bbox 189 1925 1177 2022; baseline 0.004 -28"><span class='ocrx_word' id='word_1_101' title='bbox 189 1951 253 1994; x_wconf 84' lang='lat' dir='ltr'><strong>rum</strong></span> <span class='ocrx_word' id='word_1_102' title='bbox 280 1927 370 2004; x_wconf 81' lang='lat' dir='ltr'><strong>dico.</strong></span> <span class='ocrx_word' id='word_1_103' title='bbox 391 1925 553 2018; x_wconf 74' lang='lat' dir='ltr'><strong>Syncellos</strong></span> <span class='ocrx_word' id='word_1_104' title='bbox 572 1955 644 1998; x_wconf 90' lang='lat' dir='ltr'><strong>nam</strong></span> <span class='ocrx_word' id='word_1_105' title='bbox 661 1955 742 2022; x_wconf 85' lang='lat' dir='ltr'><strong>quse</strong></span> <span class='ocrx_word' id='word_1_106' title='bbox 756 1928 839 2020; x_wconf 89' lang='lat' dir='ltr'><strong>apud</strong></span> <span class='ocrx_word' id='word_1_107' title='bbox 863 1927 949 1996; x_wconf 92' lang='lat' dir='ltr'><strong>huuc</strong></span> <span class='ocrx_word' id='word_1_108' title='bbox 963 1952 1002 1996; x_wconf 90' lang='lat' dir='ltr'><strong>cx</strong></span> <span class='ocrx_word' id='word_1_109' title='bbox 1018 1931 1177 2000; x_wconf 78' lang='grc' dir='ltr'><strong><em>Χαλδαϊ-</em></strong></span> 
     </span>
     <span class='ocr_line' id='line_1_16' title="bbox 180 2043 1176 2134; baseline 0.003 -25"><span class='ocrx_word' id='word_1_110' title='bbox 180 2054 251 2125; x_wconf 65' lang='grc' dir='ltr'><strong>ωῖς</strong></span> <span class='ocrx_word' id='word_1_111' title='bbox 279 2045 446 2133; x_wconf 77' lang='lat' dir='ltr'><strong>leguntur,</strong></span> <span class='ocrx_word' id='word_1_112' title='bbox 470 2067 505 2111; x_wconf 85' lang='lat' dir='ltr'><strong>ea</strong></span> <span class='ocrx_word' id='word_1_113' title='bbox 518 2046 711 2134; x_wconf 78' lang='lat' dir='ltr'><strong>Wegcnerus</strong></span> <span class='ocrx_word' id='word_1_114' title='bbox 727 2043 765 2112; x_wconf 88' lang='lat' dir='ltr'><strong>ad</strong></span> <span class='ocrx_word' id='word_1_115' title='bbox 778 2045 951 2116; x_wconf 77' lang='grc' dir='ltr'><strong><em>Ἰουδαϊκὰ</em></strong></span> <span class='ocrx_word' id='word_1_116' title='bbox 974 2044 1093 2110; x_wconf 82' lang='lat' dir='ltr'><strong>retulit.</strong></span> <span class='ocrx_word' id='word_1_117' title='bbox 1122 2045 1176 2112; x_wconf 90' lang='lat' dir='ltr'><strong>Sic</strong></span> 
     </span>
     <span class='ocr_line' id='line_1_17' title="bbox 174 2159 1176 2248; baseline -0.001 -21"><span class='ocrx_word' id='word_1_118' title='bbox 174 2160 293 2227; x_wconf 85' lang='lat' dir='ltr'><strong>omnia</strong></span> <span class='ocrx_word' id='word_1_119' title='bbox 306 2159 420 2224; x_wconf 78' lang='lat' dir='ltr'><strong>misere</strong></span> <span class='ocrx_word' id='word_1_120' title='bbox 432 2161 622 2228; x_wconf 80' lang='lat' dir='ltr'><strong>commiscet.</strong></span> <span class='ocrx_word' id='word_1_121' title='bbox 648 2161 708 2248; x_wconf 79' lang='lat' dir='ltr'><strong>Qui</strong></span> <span class='ocrx_word' id='word_1_122' title='bbox 720 2181 794 2227; x_wconf 78' lang='lat' dir='ltr'><strong>uero</strong></span> <span class='ocrx_word' id='word_1_123' title='bbox 805 2159 925 2226; x_wconf 86' lang='lat' dir='ltr'><strong>lactum</strong></span> <span class='ocrx_word' id='word_1_124' title='bbox 938 2160 978 2226; x_wconf 94' lang='lat' dir='ltr'><strong>sit</strong></span> <span class='ocrx_word' id='word_1_125' title='bbox 994 2171 1030 2226; x_wconf 92' lang='lat' dir='ltr'><strong>ut</strong></span> <span class='ocrx_word' id='word_1_126' title='bbox 1042 2159 1176 2228; x_wconf 85' lang='lat' dir='ltr'><strong>Alexan·</strong></span> 
     </span>
     <span class='ocr_line' id='line_1_18' title="bbox 172 2271 1174 2364; baseline -0.002 -22"><span class='ocrx_word' id='word_1_127' title='bbox 172 2274 283 2342; x_wconf 79' lang='lat' dir='ltr'><strong>ulrum</strong></span> <span class='ocrx_word' id='word_1_128' title='bbox 308 2271 450 2342; x_wconf 88' lang='lat' dir='ltr'><strong>crederet</strong></span> <span class='ocrx_word' id='word_1_129' title='bbox 469 2271 632 2340; x_wconf 72' lang='lat' dir='ltr'><strong>historiam</strong></span> <span class='ocrx_word' id='word_1_130' title='bbox 654 2273 844 2364; x_wconf 86' lang='lat' dir='ltr'><strong>Iudaeorum</strong></span> <span class='ocrx_word' id='word_1_131' title='bbox 867 2294 929 2338; x_wconf 88' lang='lat' dir='ltr'><strong>non</strong></span> <span class='ocrx_word' id='word_1_132' title='bbox 951 2274 1084 2338; x_wconf 87' lang='lat' dir='ltr'><strong>ulterius</strong></span> <span class='ocrx_word' id='word_1_133' title='bbox 1101 2296 1174 2363; x_wconf 87' lang='lat' dir='ltr'><strong>per·</strong></span> 
     </span>
     <span class='ocr_line' id='line_1_19' title="bbox 167 2387 1174 2481; baseline -0.003 -23"><span class='ocrx_word' id='word_1_134' title='bbox 167 2401 333 2458; x_wconf 61' lang='lat' dir='ltr'><strong>montom</strong></span> <span class='ocrx_word' id='word_1_135' title='bbox 352 2411 417 2455; x_wconf 86' lang='lat' dir='ltr'><strong>esse</strong></span> <span class='ocrx_word' id='word_1_136' title='bbox 440 2411 535 2478; x_wconf 89' lang='lat' dir='ltr'><strong>quam</strong></span> <span class='ocrx_word' id='word_1_137' title='bbox 559 2389 598 2455; x_wconf 90' lang='lat' dir='ltr'><strong>ad</strong></span> <span class='ocrx_word' id='word_1_138' title='bbox 622 2403 798 2481; x_wconf 78' lang='lat' dir='ltr'><strong>expugnata</strong></span> <span class='ocrx_word' id='word_1_139' title='bbox 821 2412 839 2455; x_wconf 89' lang='lat' dir='ltr'><strong>a</strong></span> <span class='ocrx_word' id='word_1_140' title='bbox 861 2387 1044 2478; x_wconf 79' lang='lat' dir='ltr'><strong>Babyloniis</strong></span> <span class='ocrx_word' id='word_1_141' title='bbox 1061 2389 1174 2454; x_wconf 84' lang='lat' dir='ltr'><strong>Hiero·</strong></span> 
     </span>
     <span class='ocr_line' id='line_1_20' title="bbox 165 2501 1174 2594; baseline -0.004 -21"><span class='ocrx_word' id='word_1_142' title='bbox 165 2505 320 2594; x_wconf 68' lang='lat' dir='ltr'><strong>solyma,</strong></span> <span class='ocrx_word' id='word_1_143' title='bbox 335 2502 426 2592; x_wconf 85' lang='lat' dir='ltr'><strong>plane</strong></span> <span class='ocrx_word' id='word_1_144' title='bbox 443 2527 506 2570; x_wconf 92' lang='lat' dir='ltr'><strong>non</strong></span> <span class='ocrx_word' id='word_1_145' title='bbox 522 2504 676 2594; x_wconf 79' lang='lat' dir='ltr'><strong>intelligo.</strong></span> <span class='ocrx_word' id='word_1_146' title='bbox 702 2503 737 2573; x_wconf 92' lang='lat' dir='ltr'><strong>Si</strong></span> <span class='ocrx_word' id='word_1_147' title='bbox 753 2507 835 2570; x_wconf 84' lang='lat' dir='ltr'><strong>forte</strong></span> <span class='ocrx_word' id='word_1_148' title='bbox 849 2516 978 2594; x_wconf 89' lang='lat' dir='ltr'><strong>propter</strong></span> <span class='ocrx_word' id='word_1_149' title='bbox 990 2501 1174 2590; x_wconf 82' lang='lat' dir='ltr'><strong>Syncellum</strong></span> 
     </span>
     <span class='ocr_line' id='line_1_21' title="bbox 165 2614 1174 2710; baseline -0.006 -22"><span class='ocrx_word' id='word_1_150' title='bbox 165 2617 337 2700; x_wconf 85' lang='lat' dir='ltr'><strong>credidit,</strong></span> <span class='ocrx_word' id='word_1_151' title='bbox 352 2617 435 2707; x_wconf 91' lang='lat' dir='ltr'><strong>qnod</strong></span> <span class='ocrx_word' id='word_1_152' title='bbox 447 2619 596 2686; x_wconf 87' lang='lat' dir='ltr'><strong>nimirum</strong></span> <span class='ocrx_word' id='word_1_153' title='bbox 609 2621 635 2685; x_wconf 89' lang='lat' dir='ltr'><strong>is</strong></span> <span class='ocrx_word' id='word_1_154' title='bbox 648 2621 752 2710; x_wconf 78' lang='lat' dir='ltr'><strong>tetigit</strong></span> <span class='ocrx_word' id='word_1_155' title='bbox 770 2619 940 2686; x_wconf 86' lang='lat' dir='ltr'><strong>secuudum</strong></span> <span class='ocrx_word' id='word_1_156' title='bbox 960 2614 1174 2682; x_wconf 74' lang='lat' dir='ltr'><strong>Alexandrum</strong></span> 
     </span>
     <span class='ocr_line' id='line_1_22' title="bbox 165 2723 1171 2825; baseline -0.012 -19"><span class='ocrx_word' id='word_1_157' title='bbox 165 2732 506 2806; x_wconf 75' lang='lat' dir='ltr'><strong>Nabuchodonosoris</strong></span> <span class='ocrx_word' id='word_1_158' title='bbox 530 2733 695 2802; x_wconf 86' lang='lat' dir='ltr'><strong>historiam</strong></span> <span class='ocrx_word' id='word_1_159' title='bbox 724 2723 829 2825; x_wconf 87' lang='lat' dir='ltr'><strong>neque</strong></span> <span class='ocrx_word' id='word_1_160' title='bbox 855 2732 1013 2821; x_wconf 84' lang='lat' dir='ltr'><strong>excerpsit</strong></span> <span class='ocrx_word' id='word_1_161' title='bbox 1038 2729 1171 2811; x_wconf 82' lang='lat' dir='ltr'><strong>seriora,</strong></span> 
     </span>
     <span class='ocr_line' id='line_1_23' title="bbox 165 2844 1174 2920; baseline -0.008 0"><span class='ocrx_word' id='word_1_162' title='bbox 165 2850 373 2920; x_wconf 84' lang='lat' dir='ltr'><strong>sententiam</strong></span> <span class='ocrx_word' id='word_1_163' title='bbox 394 2851 459 2916; x_wconf 90' lang='lat' dir='ltr'><strong>eius</strong></span> <span class='ocrx_word' id='word_1_164' title='bbox 483 2849 625 2917; x_wconf 77' lang='lat' dir='ltr'><strong>refellere</strong></span> <span class='ocrx_word' id='word_1_165' title='bbox 639 2849 721 2916; x_wconf 90' lang='lat' dir='ltr'><strong>nihil</strong></span> <span class='ocrx_word' id='word_1_166' title='bbox 739 2851 866 2918; x_wconf 89' lang='lat' dir='ltr'><strong>attinet.</strong></span> <span class='ocrx_word' id='word_1_167' title='bbox 913 2846 978 2915; x_wconf 92' lang='lat' dir='ltr'><strong>Ubi</strong></span> <span class='ocrx_word' id='word_1_168' title='bbox 992 2844 1174 2912; x_wconf 78' lang='lat' dir='ltr'><strong>Alexander</strong></span> 
     </span>
     <span class='ocr_line' id='line_1_24' title="bbox 164 2962 1172 3054; baseline -0.009 -19"><span class='ocrx_word' id='word_1_169' title='bbox 164 2964 362 3035; x_wconf 82' lang='lat' dir='ltr'><strong>substiterit</strong></span> <span class='ocrx_word' id='word_1_170' title='bbox 385 2965 416 3029; x_wconf 93' lang='lat' dir='ltr'><strong>in</strong></span> <span class='ocrx_word' id='word_1_171' title='bbox 433 2963 618 3030; x_wconf 89' lang='lat' dir='ltr'><strong>ludaeorum</strong></span> <span class='ocrx_word' id='word_1_172' title='bbox 638 2965 730 3031; x_wconf 88' lang='lat' dir='ltr'><strong>rebus</strong></span> <span class='ocrx_word' id='word_1_173' title='bbox 745 2962 951 3054; x_wconf 86' lang='lat' dir='ltr'><strong>exponendis,</strong></span> <span class='ocrx_word' id='word_1_174' title='bbox 972 2962 1061 3028; x_wconf 91' lang='lat' dir='ltr'><strong>nullo</strong></span> <span class='ocrx_word' id='word_1_175' title='bbox 1081 2983 1172 3050; x_wconf 81' lang='lat' dir='ltr'><strong>argn-</strong></span> 
     </span>
     <span class='ocr_line' id='line_1_25' title="bbox 162 3076 1169 3168; baseline -0.012 -16"><span class='ocrx_word' id='word_1_176' title='bbox 162 3094 287 3152; x_wconf 84' lang='lat' dir='ltr'><strong>mento</strong></span> <span class='ocrx_word' id='word_1_177' title='bbox 314 3091 449 3159; x_wconf 88' lang='lat' dir='ltr'><strong>constat,</strong></span> <span class='ocrx_word' id='word_1_178' title='bbox 467 3101 506 3144; x_wconf 90' lang='lat' dir='ltr'><strong>nc</strong></span> <span class='ocrx_word' id='word_1_179' title='bbox 528 3101 568 3144; x_wconf 85' lang='lat' dir='ltr'><strong>ex</strong></span> <span class='ocrx_word' id='word_1_180' title='bbox 590 3076 727 3144; x_wconf 78' lang='lat' dir='ltr'><strong>Eusebio</strong></span> <span class='ocrx_word' id='word_1_181' title='bbox 751 3080 892 3168; x_wconf 89' lang='lat' dir='ltr'><strong>quidem,</strong></span> <span class='ocrx_word' id='word_1_182' title='bbox 917 3077 1004 3143; x_wconf 90' lang='lat' dir='ltr'><strong>onius</strong></span> <span class='ocrx_word' id='word_1_183' title='bbox 1027 3076 1169 3166; x_wconf 87' lang='lat' dir='ltr'><strong>disputa·</strong></span> 
     </span>
     <span class='ocr_line' id='line_1_26' title="bbox 163 3193 1172 3268; baseline -0.011 0"><span class='ocrx_word' id='word_1_184' title='bbox 163 3199 271 3268; x_wconf 88' lang='lat' dir='ltr'><strong>tionis</strong></span> <span class='ocrx_word' id='word_1_185' title='bbox 296 3209 414 3262; x_wconf 89' lang='lat' dir='ltr'><strong>natura</strong></span> <span class='ocrx_word' id='word_1_186' title='bbox 438 3195 559 3262; x_wconf 76' lang='lat' dir='ltr'><strong>ferebat</strong></span> <span class='ocrx_word' id='word_1_187' title='bbox 583 3207 618 3261; x_wconf 91' lang='lat' dir='ltr'><strong>ut</strong></span> <span class='ocrx_word' id='word_1_188' title='bbox 641 3217 677 3260; x_wconf 89' lang='lat' dir='ltr'><strong>er</strong></span> <span class='ocrx_word' id='word_1_189' title='bbox 694 3195 777 3260; x_wconf 90' lang='lat' dir='ltr'><strong>libro</strong></span> <span class='ocrx_word' id='word_1_190' title='bbox 793 3193 964 3261; x_wconf 78' lang='lat' dir='ltr'><strong>Alexandri</strong></span> <span class='ocrx_word' id='word_1_191' title='bbox 980 3215 1042 3259; x_wconf 93' lang='lat' dir='ltr'><strong>non</strong></span> <span class='ocrx_word' id='word_1_192' title='bbox 1058 3193 1119 3258; x_wconf 89' lang='lat' dir='ltr'><strong>nisi</strong></span> <span class='ocrx_word' id='word_1_193' title='bbox 1135 3215 1172 3258; x_wconf 88' lang='lat' dir='ltr'><strong>ea</strong></span> 
     </span>
     <span class='ocr_line' id='line_1_27' title="bbox 157 3307 1170 3406; baseline -0.012 -23"><span class='ocrx_word' id='word_1_194' title='bbox 157 3316 384 3406; x_wconf 88' lang='lat' dir='ltr'><strong>depromeret</strong></span> <span class='ocrx_word' id='word_1_195' title='bbox 397 3331 478 3397; x_wconf 88' lang='lat' dir='ltr'><strong>quae</strong></span> <span class='ocrx_word' id='word_1_196' title='bbox 490 3307 528 3374; x_wconf 89' lang='lat' dir='ltr'><strong>ad</strong></span> <span class='ocrx_word' id='word_1_197' title='bbox 544 3310 793 3398; x_wconf 87' lang='lat' dir='ltr'><strong>antiquissimam</strong></span> <span class='ocrx_word' id='word_1_198' title='bbox 809 3311 909 3398; x_wconf 79' lang='lat' dir='ltr'><strong>gentis</strong></span> <span class='ocrx_word' id='word_1_199' title='bbox 924 3307 1089 3373; x_wconf 77' lang='lat' dir='ltr'><strong>historiam</strong></span> <span class='ocrx_word' id='word_1_200' title='bbox 1101 3327 1170 3394; x_wconf 88' lang='lat' dir='ltr'><strong>spe·</strong></span> 
     </span>
     <span class='ocr_line' id='line_1_28' title="bbox 155 3419 1171 3514; baseline -0.018 -12"><span class='ocrx_word' id='word_1_201' title='bbox 155 3444 306 3502; x_wconf 82' lang='lat' dir='ltr'><strong>clarent.</strong></span> <span class='ocrx_word' id='word_1_202' title='bbox 360 3422 443 3490; x_wconf 83' lang='lat' dir='ltr'><strong>Mihi</strong></span> <span class='ocrx_word' id='word_1_203' title='bbox 472 3423 668 3514; x_wconf 81' lang='lat' dir='ltr'><strong>Wegencrus</strong></span> <span class='ocrx_word' id='word_1_204' title='bbox 697 3447 715 3488; x_wconf 90' lang='lat' dir='ltr'><strong>a</strong></span> <span class='ocrx_word' id='word_1_205' title='bbox 739 3446 812 3489; x_wconf 80' lang='lat' dir='ltr'><strong>uero</strong></span> <span class='ocrx_word' id='word_1_206' title='bbox 835 3423 937 3489; x_wconf 90' lang='lat' dir='ltr'><strong>multo</strong></span> <span class='ocrx_word' id='word_1_207' title='bbox 961 3422 1092 3511; x_wconf 90' lang='lat' dir='ltr'><strong>propius</strong></span> <span class='ocrx_word' id='word_1_208' title='bbox 1116 3419 1171 3486; x_wconf 84' lang='lat' dir='ltr'><strong>eb·</strong></span> 
     </span>
     <span class='ocr_line' id='line_1_29' title="bbox 151 3533 1171 3624; baseline -0.021 -4"><span class='ocrx_word' id='word_1_209' title='bbox 151 3553 255 3620; x_wconf 83' lang='lat' dir='ltr'><strong>fnisse</strong></span> <span class='ocrx_word' id='word_1_210' title='bbox 284 3542 479 3620; x_wconf 78' lang='lat' dir='ltr'><strong>videretur,</strong></span> <span class='ocrx_word' id='word_1_211' title='bbox 514 3539 538 3603; x_wconf 89' lang='lat' dir='ltr'><strong>si</strong></span> <span class='ocrx_word' id='word_1_212' title='bbox 563 3536 773 3605; x_wconf 90' lang='lat' dir='ltr'><strong>Alexandrum</strong></span> <span class='ocrx_word' id='word_1_213' title='bbox 802 3538 985 3604; x_wconf 87' lang='lat' dir='ltr'><strong>coniecisset</strong></span> <span class='ocrx_word' id='word_1_214' title='bbox 1009 3535 1097 3624; x_wconf 80' lang='lat' dir='ltr'><strong>regni</strong></span> <span class='ocrx_word' id='word_1_215' title='bbox 1120 3533 1171 3600; x_wconf 93' lang='lat' dir='ltr'><strong>lu·</strong></span> 
     </span>
    </p>
   </div>
   <div class='ocr_carea' id='block_1_3' title="bbox 135 3747 322 3764">
    <p class='ocr_par' dir='ltr' id='par_1_3' title="bbox 135 3747 322 3764">
     <span class='ocr_line' id='line_1_30' title="bbox 135 3747 322 3764; baseline 0 -8"><span class='ocrx_word' id='word_1_216' title='bbox 135 3747 322 3764; x_wconf 73' lang='lat'><strong>-.--—--·</strong></span> 
     </span>
    </p>
   </div>
   <div class='ocr_carea' id='block_1_4' title="bbox 160 3845 1170 4042">
    <p class='ocr_par' dir='ltr' id='par_1_4' title="bbox 160 3845 1170 4042">
     <span class='ocr_line' id='line_1_31' title="bbox 167 3845 584 3942; baseline -0.062 -18"><span class='ocrx_word' id='word_1_217' title='bbox 167 3879 194 3942; x_wconf 78' lang='grc' dir='ltr'><strong>Ι)</strong></span> <span class='ocrx_word' id='word_1_218' title='bbox 214 3875 267 3924; x_wconf 77' lang='lat' dir='ltr'><strong>De</strong></span> <span class='ocrx_word' id='word_1_219' title='bbox 287 3861 354 3916; x_wconf 77' lang='lat' dir='ltr'><strong>aul.</strong></span> <span class='ocrx_word' id='word_1_220' title='bbox 376 3851 466 3904; x_wconf 80' lang='lat' dir='ltr'><strong>Anat.</strong></span> <span class='ocrx_word' id='word_1_221' title='bbox 484 3865 507 3910; x_wconf 83' lang='lat' dir='ltr'><strong>p.</strong></span> <span class='ocrx_word' id='word_1_222' title='bbox 526 3845 584 3898; x_wconf 78' lang='lat'><strong>196.</strong></span> 
     </span>
     <span class='ocr_line' id='line_1_32' title="bbox 160 3935 1170 4042; baseline -0.018 -41"><span class='ocrx_word' id='word_1_223' title='bbox 160 3975 189 4042; x_wconf 56' lang='grc' dir='ltr'><strong>ς)</strong></span> <span class='ocrx_word' id='word_1_224' title='bbox 211 3969 272 4022; x_wconf 59' lang='lat'><strong>110„</strong></span> <span class='ocrx_word' id='word_1_225' title='bbox 293 3945 419 4012; x_wconf 60' lang='lat' dir='ltr'><strong>melioris</strong></span> <span class='ocrx_word' id='word_1_226' title='bbox 440 3949 509 3990; x_wconf 82' lang='lat' dir='ltr'><strong>notre</strong></span> <span class='ocrx_word' id='word_1_227' title='bbox 526 3952 579 3990; x_wconf 87' lang='lat' dir='ltr'><strong>snat</strong></span> <span class='ocrx_word' id='word_1_228' title='bbox 595 3959 655 4005; x_wconf 83' lang='lat' dir='ltr'><strong>qnae</strong></span> <span class='ocrx_word' id='word_1_229' title='bbox 670 3941 738 3989; x_wconf 87' lang='lat' dir='ltr'><strong>docet</strong></span> <span class='ocrx_word' id='word_1_230' title='bbox 755 3940 845 3989; x_wconf 73' lang='lat' dir='ltr'><strong>Vossius</strong></span> <span class='ocrx_word' id='word_1_231' title='bbox 864 3941 898 3988; x_wconf 83' lang='lat' dir='ltr'><strong>H.</strong></span> <span class='ocrx_word' id='word_1_232' title='bbox 926 3942 954 3988; x_wconf 85' lang='lat' dir='ltr'><strong>G.</strong></span> <span class='ocrx_word' id='word_1_233' title='bbox 973 3957 994 4001; x_wconf 84' lang='lat' dir='ltr'><strong>p.</strong></span> <span class='ocrx_word' id='word_1_234' title='bbox 1018 3935 1081 3998; x_wconf 85' lang='lat'>189,</span> <span class='ocrx_word' id='word_1_235' title='bbox 1106 3944 1170 3984; x_wconf 84' lang='lat' dir='ltr'><strong>ratus</strong></span> 
     </span>
    </p>
   </div>
   <div class='ocr_carea' id='block_1_5' title="bbox 125 4033 930 4129">
    <p class='ocr_par' dir='ltr' id='par_1_5' title="bbox 125 4033 930 4129">
     <span class='ocr_line' id='line_1_33' title="bbox 125 4033 930 4129; baseline -0.012 -41"><span class='ocrx_word' id='word_1_236' title='bbox 125 4071 259 4129; x_wconf 48' lang='lat' dir='ltr'><strong>luth-um</strong></span> <span class='ocrx_word' id='word_1_237' title='bbox 278 4063 365 4126; x_wconf 65' lang='lat' dir='ltr'><strong>pm</strong></span> <span class='ocrx_word' id='word_1_238' title='bbox 386 4043 525 4102; x_wconf 71' lang='lat' dir='ltr'><strong>integrum</strong></span> <span class='ocrx_word' id='word_1_239' title='bbox 544 4035 666 4084; x_wconf 83' lang='lat' dir='ltr'><strong>Alcxsndri</strong></span> <span class='ocrx_word' id='word_1_240' title='bbox 679 4035 762 4082; x_wconf 86' lang='lat' dir='ltr'><strong>librum</strong></span> <span class='ocrx_word' id='word_1_241' title='bbox 780 4033 930 4095; x_wconf 84' lang='lat' dir='ltr'><strong>exscripsisse.</strong></span> 
     </span>
    </p>
   </div>
   <div class='ocr_carea' id='block_1_6' title="bbox 0 0 1390 4902">
    <p class='ocr_par' dir='ltr' id='par_1_6' title="bbox 0 0 1390 4902">
     <span class='ocr_line' id='line_1_34' title="bbox 0 0 1390 4902; baseline 0 4"><span class='ocrx_word' id='word_1_242' title='bbox 0 0 1390 4902; x_wconf 95' lang='lat' dir='ltr'><strong> </strong></span> 
     </span>
    </p>
   </div>
  </div>
 </body>
</html>
