2862 4894
245 377 267 416 tt
637 380 837 416 rttttttttttt.

289 537 413 595 Initium
443 540 583 594 (turinnes
610 561 628 595 a
658 540 848 598 relationibus
875 542 909 596 rie
938 539 1052 616 eolleqis
1075 540 1225 614 superiore

167 701 170 706 .
204 627 209 642 ’
246 665 324 702 anno
341 649 401 701 vita
420 641 573 720 defunctis.
603 643 827 702 Menooraaimus
843 665 930 720 porro
945 647 979 702 de
999 643 1226 720 Gyrnnasiarum

246 753 431 828 quorundam
453 753 681 824 mutationibus,
711 759 769 810 siae
791 753 845 808 bae
868 759 1030 808 cernuntur
1052 759 1166 806 tantum
1194 753 1225 804 in

245 863 352 916 ereatis
374 875 473 913 reeens
497 857 747 932 praeceptoribus,
777 877 830 914 eru
860 861 1006 933 pertinent
1039 859 1155 914 omnino
1188 857 1228 912 ool

249 965 423 1026 Sebelarum
446 967 681 1022 restaurationes.
727 963 793 1040 (lua
817 967 847 1019 in
881 983 912 1020 re
935 967 964 1020 si
991 965 1044 1038 qui
1065 964 1148 1042 forte
1165 963 1226 1018 alia

246 1074 355 1130 arnissa
371 1075 550 1145 querantur,
573 1069 634 1126 alia
654 1089 712 1126 non
734 1071 956 1144 diliqentissirne
977 1071 1127 1144 erpasita,
1149 1076 1227 1154 tene-

246 1187 299 1236 ant
329 1195 382 1234 nos
406 1177 500 1233 relata
530 1195 588 1232 roan
613 1183 672 1232 tam
689 1179 859 1250 conquirere
876 1175 1009 1231 debuisse
1030 1193 1118 1249 quam
1135 1176 1229 1232 uariis

249 1285 343 1340 maelis
371 1285 469 1340 omnia
491 1280 553 1356 sere
573 1284 735 1356 requirere.
779 1279 828 1337 Sic
848 1282 1010 1359 intelliqent
1032 1301 1120 1358 quam
1128 1283 1227 1359 suerit

247 1390 331 1446 nobis
361 1388 496 1467 difficilis
520 1391 574 1444 iste
607 1387 704 1460 labor,
730 1388 912 1446 eaeusabunt
945 1407 1075 1464 errores,
1104 1391 1229 1466 denique

246 1495 411 1568 curabunt,
439 1513 476 1552 ne
498 1496 572 1570 quiri
598 1495 655 1551 tale
678 1497 879 1570 inposterum
899 1513 952 1553 nes
971 1501 1139 1572 iquoremus
1152 1499 1230 1572 quael

246 1607 342 1662 soient
365 1606 434 1678 ipsi.
479 1600 552 1659 Esse
573 1605 710 1677 cupimus
729 1603 853 1660 altereun
867 1601 1099 1662 Miscellaneamm
1114 1609 1229 1678 partem

248 1714 335 1786 quasi
351 1707 552 1776 tabularium,
576 1709 653 1766 uncle
675 1715 775 1785 petant
793 1712 902 1783 posteri
922 1707 1150 1783 Gymnasiorum
1167 1707 1228 1766 Ba-

251 1823 386 1874 tanarum
407 1818 568 1872 bistoriant.

290 1921 376 2000 Quorl
392 1925 620 1998 interposuimus
640 1922 711 1978 louie
726 1923 877 1999 saseiaula
895 1921 1057 1982 §neaeram
1079 1923 1228 1999 Tabulam,

249 2037 477 2106 quamverum,
503 2028 676 2088 Sebelarum
696 2035 724 2084 et
743 2027 971 2104 Gymnasioruno
989 2033 1156 2105 patriorum
1172 2049 1229 2088 one·

248 2140 350 2209 nium,
365 2155 439 2212 quae
454 2136 582 2210 publiais
599 2136 745 2209 eurpieiis
760 2145 920 2210 requutur,
938 2137 970 2192 icl
990 2138 1108 2211 quidem
1123 2151 1228 2192 norum

249 2261 309 2302 non
325 2250 386 2300 est:
400 2241 509 2298 similis
528 2243 608 2298 euim
625 2239 725 2297 tabula
739 2241 807 2313 jam
821 2241 920 2298 addita
927 2241 996 2321 suit
1012 2241 1136 2299 seeundo
1147 2237 1227 2316 Sym·

250 2349 375 2409 botarum
402 2349 561 2422 volumini,
583 2367 611 2403 a.
632 2365 824 2404 cirnoeaxuun
844 2349 938 2416 edita,·
957 2351 1010 2406 seol
1023 2356 1062 2406 tot
1077 2353 1228 2421 tantosque

250 2460 429 2515 mutationes
453 2455 607 2513 subierunt
634 2454 737 2510 deinde
755 2453 897 2540 pleraque
920 2453 1098 2532 Gymnasia‚
1119 2461 1153 2510 ut
1175 2472 1229 2511 na·

251 2587 317 2628 eam
335 2573 405 2628 dore
429 2569 572 2650 auraque
600 2585 689 2644 wem
708 2571 837 2627 manime
857 2573 1054 2627 necessarium
1073 2569 1228 2627 rideretur.

253 2673 339 2754 Quod
360 2678 508 2752 neqotium
534 2681 603 2750 quot
641 2679 816 2750 quantisque
846 2679 929 2732 euris
964 2677 1140 2750 eonstiterit,
1174 2676 1233 2732 diei

251 2785 304 2842 rie
319 2787 420 2859 potest.
467 2780 607 2858 Quamuis
617 2785 696 2839 enim
706 2786 806 2858 prima
821 2785 919 2858 eapita
934 2782 1020 2840 nobis
1031 2783 1233 2857 suppeditare·

251 2893 314 2948 rint
335 2893 447 2965 partim
475 2907 547 2944 aean.
577 2907 759 2955 volteranni,
794 2893 906 2965 partim
941 2892 1028 2946 etiam
1060 2907 1086 2944 o.
1118 2905 1234 2945 mmmm

253 3001 281 3054 el
304 3017 327 3051 s.
353 3015 506 3068 montaneo,
545 2995 612 3053 Viri
637 2995 761 3072 Ampt..
784 2999 837 3072 qui
865 2998 916 3054 boa
941 3007 1065 3070 ternpore
1097 2995 1234 3071 publicae

254 3101 437 3158 institutioni
463 3110 607 3178 praeeunt
629 3104 891 3179 prospiciuntque;
933 3101 1067 3178 quamuis
1088 3121 1234 3160 summam

255 3208 318 3282 ipsi
344 3207 565 3264 adhibuerimus
592 3209 791 3284 diliqentiam,
823 3216 856 3266 ut
896 3209 933 3265 ab
956 3209 1090 3266 omnibus
1116 3212 1233 3284 patriae

256 3316 317 3372 aris
336 3315 372 3371 de
396 3314 503 3371 multis
518 3315 659 3393 fieremus
678 3319 833 3381 eertioree‚·
851 3321 947 3370 tamen
961 3317 1148 3384 innumerae,
1170 3316 1235 3388 qui-

257 3420 313 3478 bus
336 3422 405 3477 bare
427 3439 474 3479 res
492 3422 689 3497 premebatur.
714 3421 904 3500 difficultates
929 3423 1069 3495 superari
1086 3423 1162 3478 satis
1178 3437 1236 3476 nan
1312 3490 1316 3498 ,

255 3535 424 3604 potuerunt.
466 3526 524 3586 sm
533 3531 619 3608 jaeta
636 3535 706 3584 sunt
714 3527 934 3605 fundamenta,
963 3525 1069 3602 quibur
1079 3545 1168 3602 porro
1185 3543 1237 3583 su-

256 3643 456 3712 perstruatur.
486 3634 597 3711 Quodsi
618 3639 741 3710 reiquae
756 3637 831 3710 ipsis
847 3653 951 3710 operae
970 3651 1091 3711 pareere
1116 3634 1240 3712 ealleqae

259 3743 371 3815 nolent,
384 3745 493 3818 poterit
510 3743 669 3817 aliquando
687 3745 920 3800 consummatius
937 3745 1054 3800 restrui
1066 3760 1176 3818 suoque
1186 3762 1240 3819 qe-

260 3867 328 3906 nere
350 3850 516 3925 perfeetum
534 3849 704 3928 aedificium
756 3847 853 3924 Atque
866 3849 918 3906 baa
935 3850 1091 3908 eonsilium
1105 3852 1241 3925 pranimo

254 3955 404 4036 saseieulo
422 3963 519 4012 ratum
533 3954 629 4031 {arere
651 3957 821 4030 eoqitamus.
1252 4011 1256 4026 ,

302 4063 464 4122 Stetisticnm
496 4081 585 4136 quarn
610 4063 741 4118 bertraus
767 4059 900 4118 'fabulam
929 4063 1081 4138 recipiunt
1107 4076 1181 4134 quoe
1207 4059 1245 4116 de
