2862 4894
713 361 756 424 29

237 539 305 605 sed
329 543 431 606 rainu
455 547 707 608 restincturum.
756 549 808 611 68.
832 543 887 612 llis
906 546 917 585 ¹
938 559 1003 614 tum
1021 549 1115 616 rebus
1138 573 1224 619 eorn-

237 665 365 736 motas,
390 667 424 720 et
447 655 531 744 qnod
555 654 698 725 homines
722 659 783 728 iam
797 673 864 727 tum
877 662 1054 728 coniuratos
1072 688 1143 732 cum
1157 667 1226 754 gla-

237 767 302 833 diis
328 769 360 833 iu
386 768 541 860 Campum
558 770 671 838 deduci
695 798 713 839 a
737 773 871 843 Catilina
893 777 1051 859 sciebam3
1078 778 1225 847 descendi

236 883 272 947 in
309 881 464 974 Campum
501 907 573 952 cum
598 887 778 956 firmissimo
803 891 957 980 praesidio
984 891 1225 959 fortissimorum

236 997 405 1079 virorum,
431 1009 461 1066 et
486 1021 557 1065 cum
583 1000 636 1066 illa
660 1001 720 1068 lata
737 1003 913 1094 insignique
932 1003 1044 1082 lorica,
1068 1028 1225 1096 nonquae

236 1133 291 1178 me
319 1123 450 1199 tegeret,
482 1114 611 1200 (etenim
636 1117 772 1184 sciebam
801 1117 967 1185 Catilinam
992 1142 1053 1186 non
1075 1121 1154 1186 latus
1171 1134 1225 1187 aut

236 1237 403 1304 ventrem,
430 1225 482 1292 sed
505 1241 600 1317 caput
629 1243 661 1296 et
685 1233 800 1300 collum
829 1233 927 1300 solere
951 1247 1058 1324 petere
1068 1233 1090 1322 ,)
1118 1257 1222 1299 rerum

236 1353 272 1405 ut
301 1361 411 1406 omnes
433 1339 508 1407 boni
528 1343 826 1430 animadverterent,
854 1361 901 1428 et,
927 1349 1071 1438 quumin
1091 1360 1224 1415 metuet

236 1451 388 1542 periculo
411 1455 568 1522 consulem
596 1459 754 1546 viderent,
787 1461 818 1528 id
848 1461 933 1553 quod
957 1476 1002 1529 est
1025 1463 1161 1540 lactum,
1185 1461 1222 1526 ad

237 1589 333 1656 opem
343 1566 599 1660 praesidiumque
609 1595 713 1640 meum
722 1589 961 1643 concurrerent.
987 1577 1098 1665 ltaque
1108 1574 1193 1666 qnod
1211 1584 1224 1624 ²

237 1683 433 1770 exspectari,
469 1707 537 1752 sum
584 1703 757 1770 asseernus,
791 1702 828 1755 ut
862 1713 968 1756 omnes
1012 1690 1127 1756 iactam
1161 1713 1226 1756 esse

239 1809 353 1886 aperte
377 1798 627 1870 coniurationem
654 1815 764 1869 contra
795 1825 861 1869 rem
885 1802 1045 1892 publicam
1070 1803 1222 1870 siderent.

242 1911 345 1978 llomo
364 1911 377 1952 ³
395 1913 543 1984 videlicet
567 1916 698 1983 timidus
722 1929 754 1984 et
780 1915 996 2007 permodestus
1022 1939 1130 1983 nocem
1149 1939 1223 1982 eon·

247 2025 315 2091 salis
345 2027 431 2094 ferre
462 2052 523 2096 non
557 2032 677 2122 potnit:
710 2031 923 2119 simulatque
953 2031 999 2098 ire
1026 2031 1058 2096 in
1083 2031 1223 2098 exsilium

240 2142 339 2209 iussus
355 2156 416 2225 est,
435 2146 561 2233 paruit,
582 2147 651 2214 isit.
698 2146 827 2214 durelia
845 2146 859 2187 ⁴
876 2146 925 2213 aia
945 2147 1106 2237 proiectus
1128 2158 1186 2215 est.

283 2369 402 2442 XVlll.
426 2375 482 2441 69.
505 2372 644 2441 Tandem
661 2375 675 2416 ⁸
693 2374 861 2466 aliquando
874 2375 969 2467 igitur
980 2375 1018 2445 L.
1033 2374 1219 2458 Catilinam,

233 2485 396 2553 furentem
419 2487 569 2571 audacia,
592 2487 692 2556 scelus
714 2489 931 2573 anhelantem,
956 2503 1076 2580 pestem
1098 2492 1219 2580 patriae

236 2599 362 2666 nelarie
389 2601 589 2684 molientem,
620 2605 738 2696 populo
762 2605 905 2672 Romano
929 2618 1025 2695 atque
1049 2603 1124 2670 hnic
1149 2605 1221 2670 urbi

234 2713 356 2780 serrum
369 2716 590 2807 flammamque
609 2720 827 2801 minitantem,
840 2743 876 2786 ex
889 2719 976 2786 Urbe
989 2718 1036 2784 ael
1053 2717 1221 2796 eiecimus,

233 2829 480 2910 serenianus,
505 2833 553 2898 vel
578 2835 680 2922 ipsum
701 2832 915 2923 egredientem
937 2832 1038 2900 verbis
1061 2832 1220 2921 prosecuti

233 2965 355 3012 wmns.
388 2946 492 3035 Atque
505 2945 591 3013 hunc
607 2947 734 3037 quidem
750 2971 845 3014 unum
859 2947 952 3012 huius
966 2947 1039 3012 helli
1056 2946 1220 3012 domestici

232 3057 350 3124 ducem
368 3059 579 3148 perdidimus,
592 3063 821 3151 magnificeque
841 3062 973 3127 vicimus
987 3112 994 3140 ,
1010 3085 1107 3150 quum
1130 3061 1220 3126 illum

232 3195 271 3238 ex
292 3171 424 3238 occultis
439 3173 559 3240 insidiis
584 3175 615 3240 in
635 3189 778 3264 apertum
802 3175 1003 3240 latrocinium
1018 3175 1219 3242 coniecimus.

232 3288 291 3353 70.
326 3285 353 3352 0
382 3287 687 3356 fortunatem⁸rem
715 3289 893 3380 publicam,
923 3291 948 3354 si
980 3289 1107 3379 quidem
1138 3289 1219 3354 hanc

232 3399 389 3466 sentinam
410 3400 503 3469 huius
526 3403 614 3469 urbis
633 3405 779 3472 eiiceretl
828 3402 900 3470 Uno
924 3401 1103 3468 mehercule
1132 3403 1218 3470 Gati-

230 3515 298 3581 lina
331 3513 496 3599 exhausto,
527 3519 661 3586 relevata
693 3516 827 3584 mihist
854 3530 992 3584 recreata
1019 3517 1219 3608 respublica

231 3628 413 3700 videbatur.
460 3632 541 3719 Quid
566 3634 650 3700 enim
673 3634 748 3698 mali
772 3645 826 3698 ant
847 3631 971 3698 sceleris
995 3633 1070 3720 fingi
1089 3645 1141 3698 aut
1164 3655 1217 3700 ex-

231 3747 367 3835 cogitari
396 3759 517 3837 potest,
554 3746 638 3837 quod
663 3769 725 3814 non
753 3746 806 3813 ille
822 3747 1028 3836 conceperit?
1055 3747 1124 3836 quis
1151 3759 1213 3812 tota

231 3911 384 3927 Q

271 4009 298 4072 ¹)
316 4007 461 4060 masas,
485 4009 499 4075 t
521 4007 568 4059 52.
588 4039 621 4050 -
638 4010 662 4076 ²)
681 4009 704 4060 n
721 4009 1048 4077 &dunilense-³)
1068 4007 1130 4057 rna.
1144 4023 1169 4054 ο.
1183 4005 1212 4054 e.

234 4100 314 4168 §¹²-
331 4102 710 4174 -⁴t¹1>it·e·⁴.oe.-n
728 4098 1215 4171 un.s.1.sr.-s>1na.e.r.sa.
