2772 4902
268 493 323 582 qui
343 491 386 556 ibi
411 487 520 555 urbem
542 489 734 570 condiderit,
756 513 869 556 nomen
891 491 1046 580 accepisse
1066 501 1176 556 auctor
1208 503 1259 555 est

269 605 471 676 Ειιιῑιῑιιίιιεη
497 605 508 642 ¹
523 633 531 688 3
551 605 636 672 unde
654 611 787 694 ›rpotua't
803 605 976 672 Alexander
993 607 1025 670 in
1044 603 1258 671 describenda

270 721 420 788 Arcadiae
440 721 563 788 colonia
582 721 836 810 exponendisque
859 722 925 786 eins
946 719 1059 785 fabulis
1069 719 1260 806 facillime

267 838 387 927 patriae
413 837 500 902 urbis
523 837 714 902 mentionem
742 836 880 905 facere.”
926 835 1008 903 Sane
1032 837 1135 925 potuit
1156 835 1259 899 Alex·

266 950 362 1018 ander
386 951 550 1031 facillime,
574 950 668 1018 modo
691 973 725 1016 re
744 973 815 1018 vera
839 951 997 1041 scripserit
1021 957 1094 1038 περὶ
1114 959 1258 1018 Λυκαο-

267 1072 343 1146 νίας
361 1079 393 1132 et
408 1066 532 1132 duobus
544 1066 635 1132 libris
651 1066 821 1156 scripserit.
845 1066 1000 1132 Neutrum
1017 1063 1096 1130 milri
1112 1065 1259 1143 ridetur,

267 1183 325 1247 etsi
359 1181 450 1248 Asiae
479 1180 609 1247 lllinoris
640 1180 759 1247 nullam
801 1182 959 1270 regionem
1002 1181 1041 1245 ab
1073 1177 1262 1246 Alexandro

267 1297 514 1385 praetermissam
540 1307 630 1385 puto.
671 1293 758 1361 Adeo
778 1295 923 1382 ignobilis
941 1295 1002 1359 luit
1021 1294 1193 1382 Lycaonia,
1222 1306 1260 1360 ut

268 1410 316 1471 rix
342 1408 542 1496 intelligatur,
568 1407 802 1496 quomodouao
824 1407 907 1472 libro
929 1407 968 1472 de
994 1429 1029 1471 ea
1046 1419 1259 1496 exponentem

270 1545 331 1586 non
344 1521 495 1588 deiecerit
509 1519 723 1588 Alexandrum
736 1523 895 1600 materiem
909 1521 1024 1586 iterum
1041 1521 1160 1603 dicam,
1174 1520 1261 1584 adeo

268 1635 413 1724 ignobilis
434 1635 514 1712 luit,
534 1649 570 1702 ut
593 1635 689 1701 soleat
710 1659 727 1701 a
753 1636 910 1725 plerisque
930 1657 989 1724 pro
1008 1635 1168 1724 provincia
1195 1637 1262 1700 siu·

269 1749 369 1839 gulari
386 1771 447 1816 non
465 1749 585 1815 haberi,
607 1748 742 1816 Multum
756 1750 815 1816 hac
830 1751 861 1816 in
880 1750 1060 1816 retribuam
1077 1746 1261 1837 Stephano,
1365 1757 1366 1766 ’

271 1863 378 1930 sedulo
407 1865 575 1930 Alexandri
604 1867 770 1942 sectatori,
791 1867 842 1930 oui
863 1865 981 1954 pariter
1004 1867 1181 1934 Λυκαονία
1210 1877 1261 1929 est

270 1985 359 2070 χώρα
378 1985 505 2059 Λυκίας
527 2007 561 2047 τε
582 1985 638 2046 aul
656 1984 833 2066 Ἰσαυρῐας.
880 1979 916 2044 ln
938 1979 986 2044 his
1009 1980 1086 2044 adeo
1105 1980 1130 2044 sl
1150 2001 1263 2044 rursus
1368 1988 1369 2016 ¹

271 2092 481 2158 Alexandrum
513 2092 670 2181 sequitur,
694 2091 732 2156 ad
752 2093 848 2158 libros
872 2091 912 2158 de
943 2092 1039 2180 Lycia
1063 2093 1180 2158 debent
1206 2113 1260 2157 re-
1369 2096 1370 2128 r

271 2207 347 2272 ferri
361 2227 441 2294 quae
457 2205 496 2271 de
509 2207 664 2294 Lycaonia
680 2219 857 2274 narrantur.
894 2205 1066 2295 Utcunque
1078 2219 1136 2286 est,
1156 2227 1259 2294 quum
1370 2204 1371 2218 ¹

273 2319 407 2408 probum
417 2341 480 2385 esee
490 2341 603 2386 nomen
616 2325 806 2409 Λυκωρείας
818 2333 964 2410 nequeat,
980 2320 1168 2386 hauddubie
1181 2341 1262 2410 pro·

273 2435 391 2499 lectum
403 2458 418 2498 a
432 2434 569 2512 librario,
586 2435 776 2522 cogitatione
792 2433 895 2502 adhuc
912 2435 1052 2501 solvente
1062 2457 1142 2524 qnae
1152 2436 1260 2500 statim

273 2561 345 2615 aute
362 2547 401 2614 de
425 2547 485 2614 hoc
508 2549 658 2639 oppidulo
682 2549 906 2638 descripserat,
935 2571 1038 2639 neque
1058 2548 1157 2614 ullum
1180 2551 1260 2614 satis

273 2661 435 2752 probabile
465 2675 685 2751 argumentum
714 2663 814 2746 adsit,
840 2686 876 2730 ex
901 2687 964 2752 quo
988 2664 1136 2728 coniicias
1162 2662 1258 2728 Alex·

273 2775 404 2848 endrurn
433 2776 555 2848 duobus
584 2777 750 2844 minimum
778 2776 867 2842 libris
891 2799 939 2843 res
964 2775 1140 2866 Lycaoniae
1163 2797 1260 2864 erpo-

273 2891 389 2968 suisse,
414 2891 473 2955 alia
502 2892 579 2957 ratio
609 2889 742 2956 ineunda
769 2889 899 2956 ridetur.
948 2889 1147 2978 Legendunr,
1172 2887 1259 2977 quod

275 3003 336 3070 iam
357 3003 411 3070 alii
431 3003 587 3084 viderunt,
609 3013 682 3094 aspi
701 3009 843 3085 Aueiae.
881 3002 962 3070 Num
987 3005 1078 3070 simul
1096 3027 1153 3093 pro
1177 3007 1260 3092 Ἀρ·

275 3121 393 3197 ιιαὸίας
413 3120 630 3208 corrigendum
652 3121 917 3200 εἰιΛυιιαιιαίας,
944 3122 974 3185 in
998 3144 1031 3186 rc
1050 3120 1257 3186 incertissima

276 3245 411 3300 statuere
435 3233 555 3312 nolim,
579 3232 631 3301 sed
656 3235 797 3326 suspicor
818 3248 922 3300 tamen
951 3237 975 3302 ².

311 3411 334 3476 ¹)
354 3411 388 3460 Ad
403 3407 564 3475 pionpant.

311 3503 334 3570 ἵ)
351 3504 443 3553 Etiamsi
460 3503 543 3568 Lyciae
558 3512 581 3552 et
594 3503 692 3552 lsaurias
701 3513 786 3567 partem
797 3503 926 3568 Stephanus
938 3503 1075 3570 Lycaoniam
1087 3503 1151 3566 feeit,
1162 3501 1260 3552 sudsere

279 3595 368 3661 potuita
385 3597 485 3664 Atta,
502 3595 584 3655 πόλις
600 3597 830 3661 Avxuoslae,
854 3609 880 3647 nt
897 3615 923 3646 e.
936 3617 962 3663 g.
975 3599 1064 3662 scripsit
1077 3615 1105 3646 v·
1121 3595 1261 3666 Adpusdn

279 3700 303 3740 et
312 3689 468 3754 Hlaraoou,
484 3691 550 3739 modo
567 3690 641 3752 ipsum
658 3691 719 3740 istud
732 3689 815 3757 Διἰλη
833 3692 957 3756 genuinu-
975 3691 1004 3740 ait
1016 3692 1162 3740 ramentum.
1185 3691 1262 3738 lliura

278 3785 341 3850 quod
356 3785 412 3834 milri
429 3786 475 3834 lere
492 3801 621 3848 manarum
638 3795 682 3848 eat,
698 3787 812 3850 reputanti
828 3803 896 3850 quam
914 3787 993 3834 similis
1010 3787 1040 3835 sit
1057 3787 1128 3836 lotura
1145 3786 1261 3836 literarum

280 3879 309 3932 A
327 3887 349 3928 al
370 3879 399 3930 A
414 3889 438 3927 et
454 3895 522 3942 φιιιιι
539 3895 605 3940 saepo
621 3895 698 3927 earnm
716 3880 848 3940 permutatio
865 3896 941 3928 seram
958 3879 1077 3928 lectionem
1094 3876 1260 3932 obsecraveritt

279 3971 394 4022 uniuersi
411 3973 513 4034 exempla
537 3972 645 4033 praebent
668 3973 757 4022 Baetim
773 3974 791 4024 l.
809 3974 826 4023 l.
845 3981 868 4022 et
885 3974 1018 4024 Schaelerus
1041 3975 1071 4022 ad
1089 3973 1186 4037 Gregox.
1204 3973 1256 4019 tar.

282 4063 374 4116 tinem
391 4065 518 4129 Stephanos
534 4065 581 4128 ipae
599 4065 765 4136 ddaogtle'aegr
790 4067 848 4115 libro
865 4083 920 4116 uam
937 4069 978 4132 (Cl.
996 4067 1054 4117 inlr·
1071 4071 1085 4134 ᾗ
1103 4065 1149 4134 12)
1164 4064 1260 4130 Δι’·λην
