2772 4902
727 325 788 388 100

279 526 346 580 ctus
367 526 413 578 cst
432 507 551 598 Syriam
566 511 772 598 provinciam,
793 533 856 600 quo
875 524 1017 599 tempore
1036 511 1168 601 diripuit
1184 525 1260 580 tam·

276 626 364 716 plum
394 623 729 712 hierosolymitanensis
764 622 941 690 Alexander
964 623 1110 712 Myndius
1143 624 1260 694 descri-

274 741 337 828 psit
351 753 383 806 et
397 737 531 826 Libyam
551 750 583 804 et
601 736 745 804 animalia
760 737 880 825 Libyae
905 736 935 816 ¹,
956 761 1036 827 quae
1049 741 1128 828 quin
1145 738 1260 808 viderit

273 855 338 941 ipse
362 853 413 918 rix
432 851 565 918 dubium
582 851 716 927 rideturs
734 862 967 918 commentatus
991 866 1038 919 est
1054 853 1093 918 de
1112 851 1203 942 Syria
1228 855 1256 934 ’ς

185 973 191 988 ’
271 965 310 1032 de
341 967 538 1056 serpentibus
568 978 600 1032 et
630 966 749 1031 cancris
779 965 881 1032 Rubri
912 949 1006 1032 lllaris
1030 968 1158 1057 scripsit
1183 993 1200 1034 a
1224 993 1258 1037 se

271 1079 344 1147 risis
369 1078 396 1156 ³3
429 1077 469 1146 de
503 1077 631 1145 Judseis
666 1077 782 1144 librum
813 1077 914 1145 edidit
938 1079 964 1148 ⁴.
1012 1081 1094 1166 Quid
1129 1081 1257 1150 mults?

273 1192 383 1260 Comes
408 1193 462 1260 ille
485 1193 586 1262 (lrassi
610 1193 671 1260 init
693 1193 822 1260 Lentuli
845 1193 989 1264 libertus.
1037 1195 1152 1263 S‘inunt
1176 1211 1258 1266 tem·

269 1331 368 1396 pora,
393 1307 513 1388 studia,
539 1308 674 1397 scripta,
698 1307 758 1373 alia
781 1309 898 1374 omnia.

314 1533 425 1602 Studia
457 1533 555 1602 (lom.
584 1533 753 1602 Alexa'ndri
778 1555 872 1623 quam
896 1534 959 1601 late
982 1539 1167 1625 patuerint,
1191 1559 1257 1606 non

269 1649 388 1716 iudicat
417 1661 540 1716 tantum
573 1648 697 1740 quoda
719 1672 840 1716 summa
863 1671 925 1739 qua
956 1650 1103 1717 excelluit
1125 1651 1257 1724 scientis

269 1764 362 1830 traxit
395 1762 632 1850 Polyhs'stors's
664 1786 838 1853 cognomen
862 1763 894 1842 ⁵,
918 1764 971 1830 sed
995 1777 1130 1854 arguunt
1151 1765 1258 1833 direr-

268 1879 376 1946 sissimi
400 1881 519 1968 generis
538 1881 676 1970 scripta,
701 1887 842 1968 ἀριθμοῦ
866 1884 1022 1968 κρείττω,
1051 1891 1087 1946 ut
1110 1879 1154 1946 ait
1177 1875 1256 1946 sai-

266 1993 339 2070 das,
371 2017 505 2083 quorum
537 2008 647 2062 auctor
678 1995 771 2062 luisse
800 1995 913 2060 fertur.
972 1989 1255 2080 Complectebatur

266 2109 350 2174 enim
374 2107 578 2197 polyhistoris
602 2109 669 2191 ills,
693 2120 818 2199 praeter
838 2105 1075 2196 grammaticam
1092 2116 1125 2170 et
1145 2102 1254 2172 rheto-

266 2221 380 2300 ricam,
405 2221 654 2310 philosophiam,
677 2221 861 2300 historiam,
886 2218 1156 2308 archaeologiam,
1184 2240 1255 2307 nay-

267 2331 451 2423 thologiam‚
474 2334 731 2424 geographicam,
754 2335 917 2402 historiam
944 2333 1139 2413 naturalem,
1167 2329 1254 2421 phy-

265 2448 384 2527 sicam,
409 2449 486 2538 quid
509 2451 598 2516 noni
645 2449 712 2516 Nec
739 2451 855 2516 mirum
878 2450 904 2514 si
927 2449 960 2514 in
984 2459 1071 2513 tanto
1095 2445 1252 2514 librorum

265 2583 414 2640 numero,
457 2577 610 2654 quantum
641 2563 775 2632 edidisse
809 2561 985 2630 Alexander
1014 2559 1163 2638 traditur,
1197 2558 1254 2624 alii

263 2677 459 2764 reperiantur
488 2701 623 2766 quorum
655 2679 767 2745 notitia
790 2679 839 2744 vir
870 2678 926 2743 uni
951 2676 1000 2744 rel
1022 2675 1146 2742 duobus
1169 2685 1254 2741 rete-

264 2813 332 2856 rum
358 2791 541 2858 testimoniis
565 2792 742 2874 debeatur,
775 2793 828 2860 alii
862 2813 998 2882 quorum
1022 2791 1117 2855 etiam
1142 2787 1252 2855 titulos

263 2906 449 2990 ignoremus.
498 2907 569 2984 Sic,
593 2921 628 2973 ut
652 2907 713 2972 hoc
737 2919 821 2988 utar,
847 2904 990 2971 scholion
1016 2900 1173 2992 quoddam
1197 2923 1252 2967 su·

263 3029 366 3104 pereat
389 3019 420 3084 in
446 3018 690 3108 Hermogenem,
717 3020 773 3086 ubi
796 3017 871 3108 qnid
894 3018 935 3084 sit
954 3021 1132 3104 διαίρεσις,
1153 3039 1252 3107 quam

263 3143 395 3210 vocant,
427 3133 499 3220 ipsis
531 3133 697 3199 Alexandri
732 3134 835 3200 serbis
868 3131 1047 3198 declaratur
1069 3129 1095 3196 ⁸.
1153 3129 1251 3196 Cuius

268 3237 409 3250 n———n

297 3281 958 3350 ¹)§lb.-²)§ll.—-³)§ld.-⁴)§18.

293 3376 316 3440 ⁵)
336 3378 385 3425 lloc
402 3394 497 3436 nomen,
515 3397 528 3424 u
548 3379 655 3443 Dionysio
678 3381 730 3427 llsl.
754 3381 816 3428 Ds'ss.
839 3381 848 3426 l
876 3378 988 3426 Demetrio
1006 3377 1099 3440 dstuns,
1125 3375 1247 3424 llellsnico

258 3471 288 3517 ab
304 3471 452 3535 Agathsrnero
477 3475 562 3537 Geopr.
585 3475 595 3522 l
619 3493 641 3538 p.
657 3472 689 3535 2,
708 3474 773 3522 Corn.
796 3474 926 3522 Alexandro
942 3473 998 3522 adeo
1013 3472 1055 3521 luit
1069 3472 1195 3536 proprium,
1221 3483 1251 3520 ut

257 3579 322 3626 saepe
338 3565 403 3612 nullo
422 3565 468 3612 slio
488 3566 578 3614 nomine
596 3567 739 3629 designetur,
764 3565 830 3628 eique
851 3566 884 3614 uti
905 3567 934 3614 ll.
954 3565 1059 3614 Terentio
1073 3565 1166 3614 varroni
1183 3565 1247 3628 (nen

254 3657 392 3705 Archeatreti
412 3659 477 3706 Geloi
502 3669 580 3720 postas
602 3660 730 3721 exemplum
748 3677 782 3721 ap.
809 3660 891 3706 Athen.
917 3659 966 3708 Vll.
985 3677 1007 3721 p.
1025 3657 1113 3707 325ss
1136 3658 1182 3706 hnc
1199 3675 1248 3707 non

257 3765 347 3810 prorsus
365 3751 481 3814 traxerim)
498 3752 591 3800 honoris
604 3769 671 3800 causa
689 3753 800 3802 tributum
815 3753 884 3800 luisse
898 3753 998 3800 ridetur.
1034 3751 1116 3800 Contra
1136 3751 1247 3800 llbtora'ne
1357 3763 1360 3774 ¹

256 3861 381 3910 cogitamen
395 3845 457 3895 baud
472 3849 518 3896 scio
533 3865 563 3895 sn
583 3848 650 3896 unice
666 3847 695 3894 sd
709 3847 816 3910 aequdes
837 3847 961 3896 Alexandri
977 3847 1119 3896 referendum
1136 3845 1183 3906 sit,
1206 3844 1249 3908 qui

256 3957 295 4002 per
319 3940 396 3988 lnsnsn
421 3944 544 4005 jocumque
570 3942 643 4003 ipsum
666 3940 773 3988 scientiae
804 3957 887 3989 nomen
907 3941 929 3988 ei
944 3941 1091 4004 imponerent.
1120 3939 1248 3999 »Quidum

258 4033 376 4082 llistoriam
391 4037 542 4095 uocabant,''
561 4033 592 4081 ait
605 4033 733 4084 Suetonius.
757 4032 791 4082 Cl.
810 4031 844 4080 ibi
857 4031 954 4084 casaub.

291 4127 314 4188 ε)
331 4131 441 4192 Anonym.
462 4145 497 4190 sp.
517 4127 589 4178 ers.
607 4127 683 4175 llhett.
704 4127 752 4175 ttt.
770 4143 792 4188 p.
810 4123 870 4175 245.
