2862 4894
778 329 818 391 14

297 529 362 598 est,
378 513 463 606 quod
481 516 514 580 iu
538 511 597 582 lrac
612 535 705 580 causa
726 513 859 580 maxime
876 511 1016 578 homiues
1035 512 1228 580 admirentur
1247 526 1279 580 et

298 629 645 721 reprehendantmeum
670 627 847 708 consilium,
872 647 969 716 quum
992 649 1050 714 ego
1075 627 1158 693 idem
1182 627 1280 693 multe

298 745 463 826 decrerim,
490 765 570 834 quae
594 744 690 832 magis
712 741 750 808 nd
774 740 1121 829 hominisdignitatem‚
1136 741 1282 829 quemad

297 860 343 926 rei
370 857 516 948 publicae
550 859 764 924 necessitatem
784 855 998 946 pertinerent?
1027 856 1153 922 Etenim
1172 855 1183 894 ¹
1204 904 1213 937 ,
1231 879 1284 921 me

298 973 426 1040 consule
436 973 603 1052 referente,
618 973 757 1063 primurn
766 969 875 1037 decem
890 969 1012 1036 dierum
1024 969 1212 1060 snpplicatio
1229 968 1286 1036 de·

298 1099 386 1154 creta
400 1099 447 1153 est
459 1085 515 1154 Cn.
529 1087 690 1176 Pompeio,
700 1083 883 1152 Mithridate
892 1085 1058 1151 interfecto
1075 1086 1286 1175 confectoque

297 1200 514 1270 Mithridatico
525 1200 617 1282 bello,
636 1199 1226 1290 etmeasententiaprimumdnplieata
1238 1212 1286 1267 est

297 1317 489 1407 supplicatio
511 1317 695 1383 consularis:
719 1315 798 1382 mihi
822 1317 908 1382 enim
929 1328 1052 1382 senatus
1067 1337 1203 1381 assensus
1223 1325 1283 1396 est,

297 1452 414 1520 quum,
430 1428 569 1497 eiusdem
590 1429 732 1519 Pompeii
743 1430 841 1496 literis
853 1430 1002 1510 recitatis,
1021 1428 1171 1495 coniectis
1183 1429 1285 1494 emni-

298 1547 357 1612 bus
381 1546 548 1611 maritimis
580 1545 845 1634 terrestribusque
881 1545 988 1622 bellis,
1023 1543 1284 1633 supplicationem

298 1661 422 1726 dierum
450 1659 616 1726 duodecim
645 1659 797 1728 decrerit.
846 1664 897 1726 29.
921 1659 994 1726 Et²
1019 1681 1055 1724 er
1079 1658 1282 1737 Macedonia,

297 1776 460 1866 provincia
482 1797 553 1853 sun,
574 1773 699 1840 rediens
720 1775 766 1840 sir
785 1775 870 1841 omni
889 1774 1042 1863 dignitate
1057 1775 1282 1855 ornatissimus,

298 1888 336 1958 L.
362 1887 554 1979 Torqustus,
581 1890 701 1978 magnis
724 1887 816 1954 rebus
839 1889 947 1977 gestis,
974 1913 1025 1956 me
1048 1891 1220 1970 referente,
1242 1888 1284 1955 ab

297 2017 406 2070 senatu
427 2005 599 2092 imperator
616 2016 663 2069 est
680 2003 872 2093 appellatum
907 2004 1002 2070 horno
1021 2003 1034 2042 ⁸
1053 2004 1283 2070 amantissimus

298 2118 438 2206 patriae,
454 2117 581 2182 maximi
601 2118 714 2195 animi,
734 2119 847 2184 summi
866 2119 1003 2199 consilii,
1022 2118 1185 2208 singularis
1206 2139 1286 2184 con·

298 2232 444 2298 stantiae:
469 2231 542 2321 qui,
567 2255 665 2321 quum
686 2246 765 2300 esset
789 2257 878 2322 aeger
896 2245 1040 2324 tempore
1059 2235 1284 2302 coniurationis

300 2343 515 2425 Catilinariae,
534 2357 637 2412 tumen
657 2349 803 2413 omnibus
820 2348 914 2413 rebus
937 2349 998 2414 illis
1022 2350 1179 2416 interfuit:
1203 2373 1286 2416 nuu-

299 2481 394 2548 quam
414 2473 460 2526 ast
482 2483 500 2526 a
518 2483 568 2526 me
588 2459 759 2550 digressus:
780 2462 902 2543 studio,
924 2461 1073 2542 consilio,
1097 2463 1285 2530 auctoritate

298 2593 379 2638 unns
406 2574 526 2642 adiurit
556 2573 749 2665 plurimum,
775 2598 872 2666 quum
902 2577 1118 2644 infirmitatem
1144 2578 1284 2669 corporis

299 2687 396 2771 animi
419 2690 536 2756 virtute
559 2703 730 2780 superarat.

343 2911 427 2984 VIII.
452 2919 506 2985 30.
532 2917 651 2986 Eodem
671 2916 685 2957 ⁴
712 2939 793 2984 anno
811 2920 849 2987 L.
870 2920 1042 3001 Lucullus,
1066 2943 1164 3011 quum
1183 2919 1284 2986 rictcr

299 3027 549 3096 aIIithridaticn
575 3031 660 3098 bello
684 3033 879 3117 revertisset,
903 3036 1104 3101 inimicorum
1129 3034 1285 3102 calumnia

300 3143 436 3209 triennio
467 3143 604 3226 tardius,
631 3167 725 3234 quarn
754 3145 925 3224 debueret,
954 3146 1172 3238 triumpharit.
1218 3147 1284 3214 Nos

299 3257 383 3322 enim
409 3259 549 3324 eonsules
575 3258 805 3325 introduximus
827 3283 927 3350 paene
955 3264 987 3328 in
1011 3261 1132 3329 Urbem
1154 3285 1282 3329 currum

299 3372 463 3438 clarissimi
483 3374 553 3441 viri.
591 3375 652 3460 Qui
670 3375 684 3413 ⁵
709 3375 747 3442 ud
767 3375 1017 3446 Mithridaticum
1038 3379 1157 3446 bellum
1174 3380 1282 3446 missus

299 3507 316 3550 a
336 3497 462 3568 senatu,
486 3509 548 3554 non
567 3488 662 3554 modo
684 3489 864 3580 cpInionem
881 3494 957 3560 sicit
976 3495 1129 3573 omniurn,
1144 3517 1224 3585 quae
1240 3493 1281 3561 de

298 3600 415 3667 virtute
457 3602 523 3668 elus
558 3616 646 3687 erat,
683 3603 735 3672 sed
770 3607 865 3674 etiarn
903 3608 1035 3696 glorium
1069 3610 1279 3700 superiorum.

300 3717 355 3779 31.
381 3716 481 3806 quue
500 3739 537 3783 eo
562 3718 622 3784 luit
644 3719 836 3806 mirabilius,
857 3721 941 3811 quod
965 3724 1004 3789 ab
1029 3747 1066 3791 eo
1086 3723 1154 3790 laus
1174 3723 1281 3814 impe-

304 3885 459 3896 ....-—-.

333 3975 354 4042 ι)
371 3977 457 4047 nus
474 3977 520 4031 27.
537 4007 571 4022 .-
590 3982 613 4048 ι)
631 3983 654 4032 u
671 3983 750 4034 reon.
765 4003 790 4035 α.
809 3985 877 4053 rer
895 3990 940 4037 rr.
959 4015 994 4027 -
1011 3987 1036 4054 ε)
1052 4007 1092 4054 μω
1108 3989 1172 4040 ssu.
1187 4006 1212 4038 ο.
1228 3961 1273 4039 ia.

296 4065 368 4132 W.
390 4099 421 4112 -
438 4073 460 4139 ⁴)
477 4075 587 4126 lendum.
601 4077 709 4139 primm.
725 4077 821 4144 l.§3.
840 4081 904 4118 ..5
932 4081 1018 4148 Ilrid.§
1035 4082 1062 4132 I.
