2772 4902
579 337 637 399 tot

135 524 216 588 auios
238 521 295 588 iooi
317 519 412 588 iidem
435 533 721 612 qnumsuspeetam
742 518 872 586 haberet
898 517 1056 586 Reuehius
1073 518 1098 598 ¹,

133 657 187 702 ooo
199 635 455 726 reputaritiuisse
466 657 538 701 oum
554 635 769 724 grammatica,
780 656 874 725 quam
885 648 984 700 artem
1002 635 1098 700 Alex·

133 749 218 815 under
240 750 354 816 Romae
380 749 509 839 pontiae
533 763 579 816 est
596 751 771 839 professus,
789 761 875 814 stote
898 751 1097 837 conjunctum

132 861 327 942 rhetoricum,
350 877 532 956 veteresque
552 865 773 953 grammaticos
786 877 817 929 ot
834 861 1025 930 rhetoricam
1040 861 1098 928 do·

131 977 218 1043 euisse
234 992 265 1044 et
280 979 454 1044 multorum
476 979 626 1070 prodiisse
647 979 686 1043 de
703 992 834 1067 utraque
851 990 918 1043 arte
939 999 1098 1044 commen·

133 1093 213 1156 turios
235 1090 260 1156 ².
293 1092 370 1158 ttthi
382 1093 512 1184 quidem
525 1093 603 1160 haee
616 1093 774 1183 reputanti
794 1094 834 1160 de
856 1106 984 1160 auotore
997 1095 1098 1183 operia

132 1206 202 1272 iiiios
228 1208 376 1274 rhetorici
404 1208 483 1274 nihii
507 1211 679 1300 quidquam
696 1209 810 1276 residet
832 1209 941 1286 dubii,
975 1209 1029 1273 ubi
1052 1207 1099 1273 di·

130 1336 197 1388 tette
218 1322 339 1390 dictum
362 1323 457 1412 lego:
483 1327 707 1411 Ἀλέξανδρος
725 1331 745 1391 o‘
760 1326 1001 1412 Πολυΐστωρ
1025 1332 1099 1393 ὄνο-

129 1464 165 1520 μ
182 1440 275 1527 ἔχων.
314 1437 418 1505 ditius
445 1461 609 1506 sororem
633 1440 818 1528 investigere
843 1461 904 1504 non
937 1439 1032 1516 libet,
1060 1461 1099 1503 ne

131 1547 276 1635 pleneme
296 1551 387 1617 ludat
407 1575 512 1641 opera.
533 1554 672 1620 Praestat
692 1554 851 1642 inquirere
872 1553 903 1618 in
928 1566 1047 1618 eeteros
1061 1551 1098 1634 ii·

132 1659 188 1727 iros
201 1663 381 1746 Alexandri,
405 1687 539 1755 quornm
555 1680 680 1756 praeter
695 1667 866 1754 fragmenta
878 1667 974 1732 etiam
988 1667 1097 1732 titulos

132 1775 267 1844 norimus.
304 1780 404 1864 Quam
425 1801 589 1846 censuram
610 1803 701 1868 agens
718 1801 844 1866 sequar,
868 1792 1020 1863 quantum
1039 1802 1096 1866 po·

136 1897 198 1968 toro,
233 1891 381 1958 ordinem
405 1894 598 1983 argumentis
630 1891 823 1971 indicatum,
856 1913 942 1956 orsus
965 1893 1095 1956 asede-

138 2003 436 2088 oinoommentariis,
463 2006 579 2097 quibus
600 2007 810 2097 complurium
826 2005 980 2094 Europae,
1005 2005 1097 2072 Asiae

135 2117 299 2184 sttrieaa
328 2121 491 2208 regionum
521 2143 570 2186 res
603 2120 769 2210 explicavit
810 2117 1031 2210 geographicas
1064 2135 1096 2186 et

130 2229 274 2322 nythioas.

465 2418 483 2500 §
510 2421 538 2483 l.
572 2415 736 2484 Ἰταλικά.

161 2573 200 2640 tte
220 2576 332 2656 Anio,
352 2580 456 2666 prison
473 2579 646 2646 'suanorum
666 2578 774 2668 Rege,
808 2579 890 2644 huno
913 2578 1042 2644 tradidit
1063 2581 1095 2642 in

126 2681 316 2755 Italicorum
344 2693 433 2756 libro
453 2699 556 2758 tertio
573 2692 746 2761 Alexander
758 2693 930 2758 historiam.
954 2691 1027 2756 Fuit
1049 2691 1096 2756 itti

128 2797 178 2864 ttta
197 2804 355 2887 formosa,
383 2805 488 2872 Salia
513 2808 649 2884 nomine,
671 2809 877 2873 cuiusamore
898 2818 1007 2896 eaptus
1030 2804 1096 2872 Ga·

126 2913 237 3000 tdotua,
266 2921 314 2984 air
335 2920 459 2999 nobilis,
475 2922 580 3011 rapuit
597 2922 748 3010 uirginem
765 2934 796 2987 et
807 2920 937 2987 abduxit
952 2920 1094 2989 Romam.

126 3021 293 3100 Pusooutus
309 3048 479 3124 raptorem,
502 3057 561 3102 neo
583 3050 687 3104 tamen
711 3049 880 3117 asssoutus,
904 3035 1002 3101 Anius
1021 3037 1095 3101 insi·

126 3137 174 3208 lttit
193 3147 223 3212 in
236 3150 421 3216 Pareiisium
437 3150 580 3230 flurium,
604 3153 660 3240 qui
678 3151 743 3216 dioi
766 3149 880 3217 deinde
896 3149 1009 3216 Ans'us
1022 3173 1094 3217 noe-

125 3253 175 3339 pii·
220 3262 264 3327 Er
288 3261 372 3329 Salia
396 3261 547 3330 cathetus
571 3261 731 3329 Latinum
753 3267 861 3354 genuit
884 3279 916 3332 et
934 3263 1091 3343 Salium,

125 3366 156 3431 od
176 3395 250 3462 qnos
268 3375 481 3442 Romanorum
513 3377 698 3444 nobilissimi
731 3403 827 3468 genus
853 3381 1028 3446 retulerunt
1050 3379 1091 3462 ³).

129 3533 265 3551 'Q—

155 3629 352 3695 temam.

153 3721 174 3784 ²1
190 3726 329 3779 umanum
346 3733 389 3780 aaa
405 3741 440 3782 aa
457 3733 559 3782 sarnus
575 3733 757 3782 sermonumt.
776 3733 793 3782 t.
809 3733 846 3783 rt.

154 3813 174 3876 ²i
190 3819 276 3886 legitur
296 3827 396 3875 narratio
416 3827 440 3875 iu
460 3828 562 3876 Puroll.
585 3829 674 3890 ntis„
692 3843 752 3890 quaa
775 3841 890 3889 perferam
909 3825 1030 3874 Plutsreito
1051 3827 1094 3873 tn'u

128 3901 223 3970 besano.
233 3915 278 3966 ts
291 3917 361 3968 Simul
379 3936 431 3968 enm
445 3920 584 3984 Polyhistore
593 3921 699 3968 tendatur
708 3920 741 3967 ibi
749 3917 855 3967 Aristides
865 3919 977 3968 ttttestns.
990 3921 1017 3965 iu
1030 3927 1093 3965 truta

128 4009 191 4050 ’Μ
206 4007 267 4070 ωρίι
279 4011 410 4074 scriptorum
433 4006 598 4074 Ἰταλικῶν,
617 4030 682 4062 anum
704 4013 800 4061 retineat
816 4013 892 4060 ioonm
909 4012 1093 4078 Ἀλέξαρχος,

128 4086 220 4146 larinus
235 4100 321 4153 ἰΗΙΙ
338 4106 367 4154 dv
389 4102 416 4156 δ’
439 4106 599 4168 ’londonien
617 4123 660 4155 utto
672 4107 737 4156 sedat
755 4105 892 4156 neamus.
919 4105 1022 4155 studeas
1038 4105 1091 4154 Ser·
