2856 4894
654 323 716 388 977

180 531 276 596 quare
301 511 379 574 aliae
409 509 528 572 scholae
557 509 734 586 laudentur,
757 509 834 570 eliae
861 511 1084 594 vituperentur,
1115 533 1169 574 our

181 627 313 702 aperatos
326 617 442 681 lruotus
457 615 556 678 lerant
571 616 664 687 aliae,
681 615 759 676 aliae
779 636 818 676 ne
835 617 1016 698 promittant
1035 616 1169 700 quidem.

182 727 272 802 Quia,
298 725 357 786 nisi
377 722 493 786 scholas
512 733 679 806 comparet,
699 731 827 792 atatuere
844 723 949 806 pouit,
970 743 1048 806 quae
1067 721 1171 784 schola

178 830 282 902 bona,
298 850 376 914 queo
396 829 464 890 eliis
485 827 609 904 melior,
626 826 674 890 rel
692 828 771 888 iuter
787 847 889 888 ornnes
904 829 1018 912 optimu
1030 825 1171 890 habenda

181 937 243 998 sit‘l
286 935 358 1012 eris
381 932 498 998 scholar
521 934 601 994 inter
622 934 734 994 scrire
759 930 876 994 scholas
895 933 1032 1016 singulae
1057 953 1171 1008 mcum,

183 1053 276 1128 prout
296 1041 357 1102 alio
387 1052 519 1125 tempore
549 1039 636 1102 aliter
665 1039 820 1102 ordinatae
841 1019 984 1112 fuorunt,
1001 1061 1172 1124 comparere

183 1150 292 1234 puscit,
318 1149 377 1210 nisi
406 1169 459 1230 per
484 1147 609 1230 longam
637 1148 778 1230 temporis
802 1147 922 1224 seriem,
952 1167 1054 1209 aarum
1079 1143 1172 1206 hirto·

182 1258 263 1318 riam
290 1253 456 1338 (externam
481 1265 511 1314 et
536 1254 704 1324 internam,
722 1273 801 1338 quae
819 1253 944 1333 dicitur)
963 1253 1083 1335 penitus
1105 1271 1172 1333 cog·

184 1365 327 1426 noterit?
358 1363 388 1424 Si
407 1383 476 1424 vero
495 1382 572 1444 quae
587 1359 648 1424 buc
663 1361 816 1444 pertinent
836 1361 959 1442 cognita
979 1357 1171 1430 habebimus,

183 1481 265 1552 certa
287 1470 406 1532 ratione
427 1465 555 1530 definire
571 1467 748 1551 poterimus,
767 1465 805 1526 ad
819 1485 909 1548 quem
923 1465 1052 1550 gradum
1069 1462 1173 1529 schola

185 1578 244 1640 illa
274 1575 475 1646 adscenderit,
502 1573 578 1656 quid
604 1572 695 1648 desit,
722 1593 785 1655 quo
802 1572 926 1634 nomine
946 1571 1013 1634 aliis
1032 1581 1172 1654 praestet,

187 1685 260 1744 iieve
278 1681 403 1744 inferior
423 1680 634 1744 contenderit.

229 1791 308 1852 llaec
331 1799 431 1849 autem
451 1787 545 1850 fusius
563 1785 715 1871 explicare
737 1787 946 1871 supersedebo,
966 1807 1006 1851 ne
1027 1787 1173 1850 lectorum

187 1909 242 1960 aut
261 1895 384 1977 ingenio
402 1892 536 1956 diffidere
556 1905 609 1954 aut
626 1895 774 1977 patientia
788 1893 873 1956 abuti
894 1894 971 1956 velle
988 1895 1098 1956 ridear.

230 2004 328 2064 Pauca
354 2011 455 2062 nmen
480 1999 588 2062 addere
614 1999 705 2062 liceat
724 2000 763 2060 de
782 2001 914 2064 utilitate
933 2001 1025 2064 etiam
1045 2005 1174 2078 legula-

188 2111 297 2172 emtas
322 2129 360 2169 ex
386 2106 445 2168 bac
470 2127 501 2168 re
518 2105 720 2192 percipienda.
763 2107 819 2184 Qui
837 2108 920 2172 enim
936 2107 1014 2190 leges
1035 2119 1066 2170 et
1084 2105 1175 2168 utiles

188 2229 219 2282 ct
232 2219 330 2302 justas
348 2213 476 2276 condere
495 2213 581 2286 velit,
600 2213 645 2276 rel
663 2213 838 2286 academiis,
860 2214 906 2278 rel
923 2213 1010 2278 rebus
1028 2213 1174 2297 politicis,

189 2323 238 2386 rel
253 2324 297 2384 rei
313 2322 456 2395 militari,
476 2320 522 2382 rel
539 2321 623 2400 aliis,
639 2319 713 2382 huic
730 2323 890 2406 praecipue
907 2321 1040 2384 officium
1058 2322 1176 2384 incum-

188 2431 237 2492 bit
265 2441 299 2489 ut
325 2449 425 2490 reram
451 2447 554 2488 aarum
580 2427 729 2490 rationem
749 2437 780 2488 ct
796 2425 947 2504 indolem,
967 2439 1002 2492 ut
1020 2425 1176 2490 historiam

189 2533 362 2618 praesertim
389 2531 462 2592 inde
493 2531 532 2592 ab
558 2533 774 2616 antiquissimis
800 2533 982 2618 temporibus
1013 2533 1089 2594 bene
1117 2531 1177 2594 cal-

189 2641 265 2712 leat,
282 2658 407 2720 eamque
420 2639 454 2698 in
474 2657 562 2698 nsum
579 2659 668 2698 suurn
687 2649 855 2700 convertere
874 2641 956 2700 sciat.
998 2639 1077 2716 Quid
1095 2639 1177 2700 enim

189 2745 228 2806 de
248 2741 365 2806 medico
378 2741 591 2824 cogitandum,
604 2745 658 2826 qui
672 2741 813 2804 omnibus
829 2745 937 2826 aegris,
952 2743 1055 2806 eodem
1071 2743 1178 2804 morbo

190 2847 415 2922 laborantibus,
436 2847 563 2910 eandem
583 2850 661 2910 ritae
677 2850 824 2913 rationem
839 2850 1091 2934 praecipiat,'neo
1101 2849 1177 2934 quid

191 2958 299 3034 aetati,
328 2957 430 3028 sexui,
458 2957 590 3039 corporis
615 2954 728 3018 viribus
756 2957 917 3018 conveniat
937 2956 1116 3040 perpendere
1137 2957 1178 3018 ri-

191 3065 319 3126 deatur?
361 3063 444 3124 Hisce
463 3064 636 3146 praesertim
658 3062 855 3148 temporibus,
876 3084 973 3146 quum
987 3083 1082 3124 norae
1094 3061 1177 3124 eebo-

191 3173 293 3237 lurum
322 3169 400 3253 leges
428 3180 654 3254 exspectantur,
683 3192 762 3254 quae
786 3191 829 3230 res
857 3169 995 3232 omniurn
1019 3169 1122 3230 oculos
1150 3179 1179 3232 et

192 3281 309 3342 animos
340 3297 405 3338 non
425 3277 575 3338 immerito
602 3277 635 3337 in
663 3296 693 3336 se
713 3277 875 3349 convertit,
892 3275 1080 3338 vehementer
1097 3275 1179 3338 dole·

193 3407 278 3462 mus,
303 3383 442 3446 noudum
468 3393 582 3446 exstare
606 3381 711 3444 saltern
739 3385 853 3468 patriae
872 3394 991 3446 nostrae
1008 3383 1178 3445 scholarum

194 3490 351 3552 birtcriam
379 3500 567 3575 perpetuam,
595 3509 710 3560 reram,
735 3490 801 3550 sine
822 3491 867 3550 ira
889 3501 918 3550 et
937 3488 1008 3550 odio
1027 3489 1179 3572 scriptam.

195 3599 273 3660 ilinc
290 3607 418 3680 pateret,
434 3596 511 3681 quid
529 3596 646 3656 ilbertus
661 3601 711 3656 illa
732 3601 863 3669 docendi,
877 3597 916 3658 ad
930 3617 1072 3660 nauseam
1085 3615 1179 3680 usque

195 3702 330 3785 repetita,
344 3701 401 3762 sibi
416 3701 496 3764 velit.
528 3701 605 3764 llaec
625 3700 743 3764 doceret
758 3703 922 3786 imprimis,
938 3723 997 3764 esse
1011 3679 1179 3764 caiendum

196 3827 235 3868 nc
256 3805 484 3868 circumforanei
507 3819 536 3870 et
549 3805 716 3870 nebulones
735 3807 845 3870 scholis
858 3807 1080 3894 praeficiantur.
1102 3809 1178 3870 liaeo

196 3911 374 3988 ostenderet,
403 3913 506 3974 omnia
534 3936 612 3998 quae
642 3914 681 3976 ad
701 3913 1004 3998 scholarumflstatum
1026 3916 1178 4000 pertinent

197 4017 326 4103 pendere
346 4020 478 4083 maxime
498 4043 536 4083 ex
557 4020 734 4086 Decentium
755 4023 858 4088 ardore
872 4035 901 4085 et
917 4021 1101 4102 eruditione,
1115 4043 1178 4083 non
