2940 4900
306 577 378 625 ress.
417 551 541 644 Edepdl
557 551 693 642 proinde
708 552 749 616 dt
766 551 824 616 diu
838 551 967 629 vivitur,
983 546 1067 614 bone
1082 546 1211 612 vivitur.
1236 546 1289 611 65.

210 675 217 690 ’
415 667 471 736 Set
483 667 546 733 hoc
560 667 706 731 inimum
720 665 861 745 advorte,
877 677 908 728 et
922 659 1012 726 adfer
1026 656 1223 726 ridiculsiria:

419 805 497 848 nam
513 803 571 872 ego
590 777 697 845 dedita
719 801 814 867 opera
832 775 899 842 huo
916 774 958 840 sd
974 790 1005 840 te
1020 773 1165 840 advenio.

714 908 891 956 centrosas.

1076 999 1165 1084 Quid
1179 996 1292 1066 venis?

307 1143 381 1190 uso.
416 1119 511 1189 Malis
522 1139 554 1189 ts
569 1137 606 1189 ut
615 1119 720 1188 verbis
733 1116 843 1186 moltis
853 1115 996 1184 multum
1002 1114 1206 1207 objdrgitem.

307 1255 395 1306 ctu.
417 1232 531 1302 Men'?
668 1253 672 1261 ·

685 1363 912 1414 munsture.

527 1463 691 1555 Nquuis
705 1479 752 1530 est
768 1461 821 1528 hic
832 1459 913 1526 ilius
926 1474 1051 1550 praetor
1061 1481 1114 1526 mo
1127 1457 1226 1547 itque
1241 1451 1293 1520 toi

715 1591 891 1642 mucosa.

421 1690 453 1758 N
453 1693 524 1757 emd
535 1689 583 1756 ’st.

660 1809 662 1814 “
687 1819 916 1869 nrssrorrnrs.

573 1908 1293 2010 Quidtuigiturrdgitas,teneobjdrgitomWO.

391 2139 456 2180 ne.
476 2123 609 2197 Namque
622 2123 697 2178 enim
709 2131 752 2188 tu,
763 2121 856 2194 credo,
873 2117 1120 2195 medrprudentsm
1130 2113 1294 2192 obrdpseris.

391 2241 467 2282 ortt..
476 2228 559 2282 Fano
569 2223 640 2282 horit
649 2227 792 2282 tantidem
801 2219 1161 2299 dddsrisverborrimsmilri.

395 2347 459 2388 no.
480 2330 593 2405 Edepol
603 2331 723 2405 proinde
739 2337 795 2386 etc.

311 2433 349 2496 Et
364 2429 439 2493 haec
458 2430 581 2516 quidem
603 2452 669 2493 mes
688 2431 726 2494 de
744 2429 804 2494 hoo
822 2429 960 2493 looostst
972 2429 1134 2492 sententia:
1150 2426 1296 2490 authuno

311 2559 414 2600 verum
425 2557 485 2600 esse
499 2559 636 2599 versuum
645 2537 797 2611 ordinem,
809 2548 862 2598 out
872 2537 976 2598 locum
986 2556 1116 2598 nonense
1128 2535 1294 2618 integrum

311 2665 427 2708 versnm
448 2654 549 2706 eutem
568 2642 609 2705 64
628 2643 763 2726 (reliquis
779 2642 837 2725 62)
856 2663 910 2703 suo
931 2663 978 2702 ms
998 2643 1067 2703 looo
1082 2640 1256 2700 restituisse.

353 2749 402 2811 Vs.
423 2748 473 2814 65.
494 2753 608 2827 Edepol
622 2753 740 2825 proinde
757 2749 790 2808 dt
806 2751 856 2808 diu
875 2749 991 2820 olvitur,
1015 2736 1083 2807 berre
1101 2747 1221 2807 vivitur.
1251 2741 1296 2804 sio

179 2885 182 2891 ·
240 2925 242 2928 ¹
312 2853 452 2916 Acidalio
473 2853 637 2926 inventore,
648 2852 813 2916 Ritsohelio
822 2863 943 2914 auctore
952 2851 1109 2927 edidimus,
1123 2871 1194 2912 oum
1207 2849 1296 2933 vulgo

312 2953 451 3042 legatn'r:
471 2963 514 3020 Ut
530 2959 599 3018 bene
608 2967 725 3031 visitur,
737 2963 787 3018 dtu
797 2961 915 3019 irioitur.
943 2957 1000 3018 Sed
1008 2959 1132 3019 minime
1146 2956 1222 3019 haee
1235 2954 1296 3016 Gal·

312 3065 381 3128 ticli
401 3063 503 3126 denda
520 3075 601 3126 sunt.
629 3063 830 3146 Megaronides
848 3061 886 3124 ab
904 3063 994 3125 initio
1004 3063 1076 3124 inde
1089 3063 1298 3124 commutatio·

314 3189 386 3232 nem
403 3169 491 3230 istam
513 3167 671 3252 repudiet,
688 3189 787 3252 noque
808 3168 892 3230 aliud
907 3167 966 3230 hoo
983 3191 1068 3231 versu
1078 3169 1192 3240 innuit,
1206 3187 1297 3252 quam

314 3285 498 3338 commutare
512 3295 542 3334 se
557 3273 655 3351 nolle;
671 3295 744 3336 nam
757 3296 819 3359 qua
837 3275 892 3336 din
907 3297 975 3336 usus
990 3275 1028 3335 sis
1039 3273 1157 3335 risendi
1172 3275 1295 3342 ratione,

314 3403 380 3444 eam
401 3381 436 3442 in
449 3379 696 3441 consuetudinem
706 3380 828 3440 tandem
837 3379 928 3452 abire,
938 3379 991 3442 abs
1004 3401 1065 3464 qua
1077 3401 1161 3462 aegre
1173 3377 1295 3440 recedas.

334 3489 405 3584 nVs.
425 3486 477 3550 67.
497 3487 554 3548 Pro
582 3491 698 3548 aduenio
724 3487 805 3548 solus
826 3487 852 3548 A
872 3499 975 3560 uento,
1004 3487 1087 3570 qnod
1107 3487 1296 3570 recipientem

314 3615 380 3655 non
408 3601 522 3654 secutus
550 3613 617 3652 sum
642 3591 856 3670 Ritsohelium3
884 3615 957 3654 nam
979 3591 1018 3652 ad
1038 3592 1113 3654 talia
1134 3589 1296 3653 omittenda

315 3719 409 3782 quam
433 3697 572 3760 addenda
591 3698 781 3782 procliviores
802 3721 860 3760 esse
880 3699 979 3760 solent
1005 3697 1132 3760 librarii.
1162 3699 1200 3761 Et
1218 3705 1297 3760 amat

316 3803 408 3864 ratem
429 3803 650 3866 abundantiam
670 3805 811 3866 Plautus:
833 3827 873 3866 rs.
894 3803 934 3866 98
956 3807 996 3864 od
1012 3821 1040 3865 te
1057 3809 1167 3867 αᾰνεηί.

358 3909 407 3970 Vs.
427 3909 478 3970 70.
499 3911 668 3972 Pronomen
688 3927 721 3970 tu
742 3911 887 3972 insertum
901 3933 940 3973 ex
952 3911 988 3972 A.
1016 3911 1055 3972 Iu
1064 3932 1149 3972 versu
1162 3911 1295 3996 proximo

317 4040 355 4078 ex
378 4013 481 4076 eodem
507 4015 585 4076 libro
613 4017 779 4099 elegantem
804 4017 914 4079 lucrati
942 4037 1044 4080 sumus
1070 4017 1244 4080 lectionem:
1266 4030 1296 4074 su

318 4143 362 4182 me
381 4124 508 4182 mihimet
512 4145 524 4194 ,·
546 4132 634 4185 antee
654 4119 823 4205 legebatur:
846 4139 908 4185 tute
926 4125 995 4184 mihi
1016 4143 1070 4184 me.
