2862 4894
637 361 676 422 31

172 541 262 610 biles!
313 547 370 614 73.
393 543 487 611 Hunc
504 544 515 582 ¹
535 566 607 612 rero
629 547 655 610 si
676 548 777 612 secuti
800 545 929 613 fuissent
944 549 992 614 sui
1008 551 1149 616 comites:

170 659 193 723 si
214 681 250 724 er
274 657 364 726 Urbe
386 659 530 726 exiissent
551 659 788 750 desperatorum
812 660 977 729 bominum
1004 663 1151 752 flagitiosi

169 793 287 862 greges:
315 795 336 838 o
358 795 413 839 uos
434 775 558 856 beatos,
589 799 693 842 orem
716 777 875 867 publicam
898 779 1105 857 fortunatam,
1132 803 1151 846 o

169 888 359 976 praeclaram
379 889 504 957 laudem
527 892 705 957 consulatus
728 894 814 960 :neit
861 891 932 959 Non
956 895 1040 959 euim
1064 907 1153 962 erant

167 1001 341 1070 mediocres
361 1003 525 1072 hominurn
550 1006 716 1089 libidines,
739 1030 802 1074 ooo
816 1006 971 1075 humanae
991 1009 1150 1091 audaciae,

166 1139 198 1182 ao
220 1118 419 1186 tolerandae:
443 1120 525 1186 nibil
550 1122 751 1210 cogitabant,
776 1123 837 1188 nisi
860 1123 991 1205 caedes,
1016 1125 1076 1189 nisi
1100 1125 1150 1189 in·

167 1231 285 1312 cendia,
325 1234 387 1298 nisi
421 1236 558 1324 rapinas.
618 1238 810 1304 Patrimonia
843 1259 896 1302 sua
921 1238 1149 1328 profuderant:

164 1349 299 1415 fortunas
324 1371 394 1416 suas
417 1349 662 1439 obligurierunt:
695 1375 743 1417 res
766 1375 818 1418 eos
842 1352 1050 1441 iampridem,
1074 1351 1151 1419 fides

164 1465 292 1530 delicere
313 1487 420 1554 nuper
445 1478 608 1554 coeperat:
631 1465 740 1532 eadem
759 1478 861 1532 tameo
885 1466 960 1547 illa,
986 1490 1067 1556 quae
1083 1479 1149 1535 erat

165 1579 193 1644 ln
221 1578 439 1658 abundantia,
473 1578 573 1645 libido
603 1581 818 1670 permanebat.
865 1581 922 1650 7⁴.
949 1582 1089 1667 Quodsi
1116 1583 1148 1650 in

167 1695 231 1760 rino
250 1707 282 1760 et
305 1693 376 1758 alea
395 1695 661 1761 commissotionea
684 1694 784 1760 solun:
809 1707 841 1760 et
864 1707 965 1760 scorta
980 1697 1150 1784 quaesivis-

168 1821 236 1890 sent,
259 1810 399 1875 fuissent
423 1807 470 1872 illi
494 1807 624 1896 quidem
643 1806 853 1908 desperandi,
878 1808 931 1874 sed
954 1821 1058 1876 tomen
1072 1811 1149 1876 fuis·
1262 1851 1267 1862 ·

170 1935 222 1990 seat
249 1921 394 1989 ferendi.
452 1921 519 1989 lloo
551 1945 624 1988 rero
659 1924 729 2012 quis
761 1924 844 1989 ferre
879 1924 990 2012 possit,
1033 1925 1146 1990 inertes

173 2033 300 2104 bonioes
326 2037 504 2103 fortissimis
527 2038 601 2103 riris
618 2035 776 2118 insidiari,
800 2037 996 2104 stultissimos
1010 2037 1150 2128 pruden-

168 2149 295 2232 tissimis,
325 2151 465 2218 ebriosos
483 2153 610 2231 sobriis,
629 2151 818 2218 dormientes
837 2151 1066 2240 vigilantibus?
1092 2153 1149 2244 qui

163 2265 230 2331 mibi
252 2265 449 2334 accubantes
468 2267 499 2332 in
517 2267 683 2345 conviviis,
707 2267 862 2356 complexi
880 2266 1025 2335 mulieres
1041 2269 1146 2358 impu-

163 2379 249 2462 dicas,
275 2383 355 2448 rino
371 2380 525 2470 languidi,
547 2381 683 2448 conlecti
700 2381 790 2462 cibo,
815 2381 905 2447 sertis
921 2380 1072 2462 redimiti,
1087 2405 1146 2447 un·

161 2498 276 2580 guerris
290 2495 403 2572 obliti,
420 2496 577 2563 debilitati
587 2497 721 2586 stupris,
746 2495 931 2562 eructabant
950 2497 1146 2562 sermonibus

160 2612 217 2675 suis
233 2611 368 2677 caedem
387 2612 555 2694 bonorum,
581 2625 675 2701 atque
699 2609 796 2676 Urbis
820 2608 975 2678 incendia.
1025 2609 1145 2694 Quibus

160 2745 211 2812 eqo
240 2725 444 2792 confidebam
470 2723 650 2815 impendere
673 2725 772 2791 fatum
799 2721 939 2812 aliquod:
978 2733 1010 2786 et
1031 2743 1145 2810 poenus

159 2835 272 2903 iamdiu
304 2837 521 2928 irnprobitati,
557 2839 739 2930 nequitiae,
775 2837 904 2918 sceleri,
937 2834 1063 2902 libidini
1091 2833 1145 2901 de·

160 2949 256 3030 bites,
291 2966 349 3019 aut
381 2955 496 3020 instare
518 2954 580 3020 iam
610 2953 724 3043 plane,
755 2964 809 3018 eut
833 2963 917 3018 certe
940 2951 1003 3017 iam
1027 2971 1145 3040 appro-

159 3065 323 3157 pinquare.

199 3290 272 3362 XX.
300 3298 356 3361 75.
381 3294 562 3385 Principio,
582 3292 595 3332 ²
615 3305 650 3360 ut
676 3293 812 3362 Catilina
850 3293 955 3382 erupit
980 3315 1015 3358 er
1035 3291 1141 3371 Urbe,

158 3425 254 3492 quurn
282 3408 405 3474 sceleris
426 3411 475 3475 sui
498 3410 618 3488 socios,
655 3407 787 3475 huiusce
817 3408 932 3474 nefarii
959 3406 1036 3472 belli
1056 3427 1143 3472 acer·

159 3520 252 3586 rimor
285 3522 381 3590 duces
413 3523 530 3590 Rornae
558 3523 752 3614 reliquisset:
798 3544 921 3613 semper
951 3518 1076 3607 vigilari
1109 3529 1143 3584 et

159 3635 296 3720 providi,
332 3637 596 3726 quemadmodum
629 3640 661 3703 io
684 3639 780 3705 tantis
798 3649 830 3704 et
862 3650 926 3702 tam
951 3631 1143 3700 absconditis

159 3747 279 3816 insidiis
310 3751 386 3816 salri
415 3775 479 3819 esse
511 3775 681 3842 possemus.
727 3751 807 3818 Narn
842 3763 934 3830 turn,
964 3771 1063 3839 quum
1103 3770 1142 3812 ex

158 3859 245 3929 Urbe
269 3863 437 3932 Catilinam
453 3867 633 3950 eiiciebam,
658 3879 712 3932 aut
728 3866 882 3957 reliquom
904 3864 1140 3931 coniuratorum

157 4013 313 4034 Ἤ

194 4096 607 4172 ¹ltbirte.5§10.-²Jin
623 4104 715 4154 nsua.
738 4105 786 4154 ιιι.
807 4121 832 4153 e.
856 4103 884 4154 1.
906 4101 964 4170 ss.
