2772 4902
744 351 787 410 94

271 537 394 606 auditos
417 537 569 625 conjicio,
593 534 668 598 alios
692 535 715 598 si
740 535 809 623 quis
834 532 969 611 mavult,
995 551 1056 596 non
1081 529 1252 597 admodum

270 676 424 743 repugno,
441 647 612 716 dummodo
626 646 778 714 concedat
801 645 990 714 Groteteaam
1011 645 1104 729 luisse
1120 644 1256 711 Alexan-

269 769 383 848 drum,
412 789 471 832 non
497 766 593 854 ipsius
621 761 774 830 oraretis
794 762 999 849 discipulum
1019 760 1040 825 ¹.
1080 759 1132 825 Sic
1162 761 1254 826 Aler-

271 883 389 963 ander,
413 882 468 972 qui
494 879 582 945 ualde
607 879 743 956 iuuenis,
770 877 851 942 bello
875 877 1002 941 fortasse
1021 875 1255 955 Mithridatico,

272 998 403 1063 Romam
430 993 591 1060 traductus
613 991 754 1071 ridetur,
776 1003 807 1056 et
825 990 928 1079 potuit
953 991 985 1053 in
1008 989 1135 1054 Lentuli
1162 989 1257 1054 domo

271 1109 466 1202 paedagogus
491 1130 554 1174 esse
574 1121 606 1173 et
623 1119 692 1196 post
707 1103 831 1171 Sullana
853 1117 994 1193 tempora
1012 1103 1146 1168 tamdiu
1170 1116 1256 1169 aeta·

272 1239 334 1291 tem
359 1247 467 1313 agere,
492 1234 526 1288 ut
551 1219 585 1287 C.
606 1221 667 1286 tut.
695 1220 809 1308 Hygini
832 1230 911 1283 esset
937 1219 968 1282 in
995 1241 1028 1282 re
1052 1218 1255 1305 grammatica

272 1353 456 1430 praeceptor
474 1337 499 1402 ².
548 1337 645 1402 Natus
669 1337 763 1424 igitur
785 1346 915 1399 exeunte
935 1333 1060 1398 saeculo
1083 1337 1121 1399 A.
1146 1330 1182 1398 C.
1208 1333 1257 1396 al·

272 1469 354 1532 tero,
378 1451 473 1520 Corn.
490 1451 664 1517 Alexander
680 1447 847 1514 admodum
865 1461 1012 1536 provecta
1029 1459 1149 1526 aetate,
1171 1446 1257 1512 baud

274 1571 317 1634 ita
329 1569 384 1633 diu
401 1579 472 1632 ante
484 1567 616 1654 Augusti
629 1564 838 1653 principatum
860 1564 943 1627 diem
961 1563 1074 1626 obiisse
1091 1561 1214 1628 ridetur
1234 1563 1259 1627 ³.

272 1683 369 1750 Periit
401 1694 505 1747 autem
548 1679 720 1758 Laurenti,
753 1677 846 1742 domo
875 1677 904 1740 in
935 1699 995 1766 qua
1026 1676 1158 1764 degebat
1186 1677 1259 1765 igne

273 1799 386 1864 deleta.
436 1797 534 1882 Quem
559 1795 665 1859 mariti
689 1793 805 1857 eritum
826 1814 923 1882 quum
949 1791 1116 1857 audivisset
1136 1791 1255 1857 Helena

276 1933 375 1990 uror,
400 1935 431 1976 sc
455 1911 521 1998 ipsa
548 1907 750 1994 strangulavit
775 1907 799 1973 ⁴.

279 2051 447 2066 ——fl

311 2152 336 2216 ¹)
355 2151 394 2200 ilia
417 2149 503 2196 dudum
530 2145 616 2208 scriptis
642 2145 703 2192 reaia
721 2145 776 2192 anibi
793 2147 817 2192 in
834 2161 914 2192 rnanur
939 2145 1088 2193 dissertatio
1103 2144 1133 2191 da
1151 2143 1181 2192 0.
1202 2143 1258 2190 rat.

184 2242 192 2257 ¹
277 2245 374 2308 Hygini
392 2244 440 2290 er‘t.
464 2249 488 2290 et
505 2244 623 2304 scriptu,
646 2255 713 2302 quam
731 2257 753 2288 a.
774 2237 839 2288 1846
862 2239 976 2302 llarbnrgi
992 2237 1063 2286 edidit
1080 2237 1104 2286 G.
1123 2239 1148 2287 B.
1168 2237 1261 2298 Βαοῑο,

273 2337 314 2400 qui
329 2354 354 2399 p.
371 2335 387 2384 5
397 2335 467 2382 tuitus
475 2333 657 2382 locumSuetonii
668 2352 681 2381 a
695 2333 790 2381 llanchii
803 2334 939 2398 conjecturis
948 2332 1107 2382 aerbaSuidae
1115 2332 1171 2382 τῶν
1181 2332 1259 2401 Keri-

273 2447 356 2496 τητος
366 2429 505 2493 μαθητῶν
516 2427 593 2474 eodem
603 2443 670 2474 aenan
682 2427 839 2490 interpretatur
851 2434 992 2476 sectatorom
1000 2429 1099 2477 sodoma
1109 2430 1261 2478 Orutctetue.

308 2523 331 2585 ²)
350 2525 376 2570 ln
394 2523 487 2570 transitu
504 2519 629 2582 tangendus
647 2529 682 2568 eat
697 2520 761 2566 loona
777 2519 858 2567 Suidre
876 2538 898 2570 r.
916 2519 1086 2582 Ἀμμώνιος,
1105 2523 1145 2568 ubi
1162 2520 1262 2584 legitur:

275 2615 430 2678 Ἀμμώνιος
448 2615 606 2676 Ἀμμωνίου
628 2613 851 2682 Ἀλεξανδρεὺς,
877 2613 913 2662 ’A
920 2612 935 2663 A
944 2616 978 2671 εξ
989 2614 1027 2663 c'r
1037 2615 1056 2664 δ
1067 2632 1104 2683 ρο
1114 2633 1131 2664 v
1159 2613 1260 2682 γνώρι-

275 2729 335 2772 μος,
353 2707 382 2768 ὃς
399 2713 446 2759 aral
466 2709 614 2765 διεδέξατο
632 2713 684 2775 τὴν
703 2707 806 2776 σχολὴν
822 2709 1009 2777 Ἀριστάρχου
1019 2709 1073 2777 πρὸ
1087 2713 1138 2759 τσῦ
1156 2725 1263 2778 μοναρ-

274 2809 358 2870 xoium
377 2803 425 2853 τὸν
441 2801 611 2867 Αὔγουστον·
629 2819 669 2865 pro
686 2804 769 2866 quibua
788 2803 886 2852 Eudocia
905 2821 927 2866 p.
945 2802 993 2850 56:
1013 2800 1168 2864 'Appuleiae
1184 2801 1264 2861 φιλό-

275 2912 372 2956 σοφος,
390 2897 479 2959 inquit,
497 2893 511 2942 ὁ
530 2895 700 2958 καλούμενος
724 2897 977 2966 Ἀλδξανδρος.
1003 2883 1083 2956 οὗτος
1108 2897 1263 2953 διεδέξατο

276 2989 340 3038 κτλ.
369 2991 455 3053 Quibus
472 2991 579 3038 aannndis
598 3009 687 3054 operam
712 2991 842 3055 perdideris.
878 2993 942 3054 Apud
966 2991 1059 3039 Suidanr
1079 2993 1264 3040 Weateraranuua

277 3083 346 3154 (lad.
372 3083 434 3130 Viti.
453 3086 552 3148 scriptt.
569 3101 587 3132 a.
607 3103 628 3133 n.
647 3102 672 3146 p.
694 3083 758 3148 ⁴71)
775 3085 881 3146 intelligit
898 3084 1053 3132 Alexandrum
1080 3083 1259 3147 Polybiatorera.

274 3177 303 3223 At
321 3174 450 3224 Aristarcho
475 3177 604 3226 euocarisae
629 3178 762 3241 discipulum
788 3179 897 3227 Grutetar‘
915 3177 1051 3240 Alexandri,
1069 3180 1088 3226 si
1106 3194 1144 3240 per
1162 3185 1266 3238 tempora

274 3269 369 3331 liceret,
386 3269 437 3332 quir
453 3268 546 3316 credat?
562 3271 644 3320 Suidae
653 3272 790 3332 pronomine
807 3264 1004 3339 Ἀλεξάνδρου,
1025 3281 1100 3319 ortae
1115 3271 1267 3335 praecedente

277 3364 499 3432 Ἀλεξανδρεύς,
516 3364 653 3412 reddendum
663 3375 696 3412 eat
708 3365 909 3434 Ἀριστάρχου,
928 3365 990 3426 quod
1007 3365 1102 3413 suadent
1118 3364 1185 3412 etiarn
1203 3381 1265 3427 qaae

275 3458 375 3518 proxime
384 3468 516 3520 aequantur.
534 3459 595 3506 idern
603 3475 684 3506 nomen
692 3458 812 3520 irrepserat
821 3459 875 3506 olim
886 3477 908 3508 r.
923 3459 1041 3526 Πύρρων
1052 3495 1060 3521 ,
1076 3461 1116 3507 ubi
1124 3452 1264 3527 Ἀναξάρ·

274 3567 326 3616 χου
343 3551 440 3604 correxit
458 3551 573 3615 ldenagiur
589 3551 618 3600 ad
637 3551 700 3614 Diog.
721 3552 795 3601 baert.
813 3553 852 3602 lx.
874 3551 913 3602 10.
940 3551 981 3601 58.

310 3644 333 3708 ³)
352 3645 486 3694 »Probabile
502 3645 562 3692 enirn
579 3657 627 3705 ert,
646 3655 671 3693 ut
688 3648 720 3694 ait
736 3646 807 3694 ilunta
826 3665 847 3708 p.
865 3645 899 3706 6,
919 3649 941 3694 l.
958 3647 1074 3695 Caesarem
1087 3647 1201 3710 Hyginum
1212 3663 1262 3694 aer·

276 3757 344 3804 runa,
362 3739 426 3788 euius
450 3740 565 3805 ingenium
582 3750 605 3788 et
623 3740 748 3788 litterarum
775 3741 849 3788 studia
866 3753 1019 3804 eugrrorerrt,
1037 3741 1169 3789 Alexandro
1189 3741 1263 3803 Poly·

275 3833 355 3884 biatori
368 3833 531 3882 instituendum
547 3834 681 3894 tradidisse,
700 3845 823 3898 pcateaque
840 3834 977 3898 Οοῑοτίοοο,
994 3853 1064 3899 quum
1085 3835 1146 3882 lrrrne
1156 3834 1264 3882 beredenr

276 3929 419 3990 institueret,
437 3945 481 3976 una
507 3945 558 3976 curn
585 3929 672 3991 reliqua
692 3928 816 3976 hereditate
834 3929 894 3976 dono
911 3929 1028 3978 dediaae·”
1062 3929 1191 3991 Opinione·
1211 3927 1265 3976 We·

276 4023 354 4086 generi
370 4040 392 4086 p.
413 4020 461 4070 195
479 4039 502 4072 rr.
523 4021 553 4070 17
572 4021 729 4084 conjicientis,
746 4023 898 4070 Alexandrum
916 4033 995 4072 natura
1015 4040 1063 4072 eaae
1081 4023 1136 4072 rub.
1149 4039 1170 4070 a.
1188 4025 1217 4070 A.
1232 4021 1261 4068 (l.

279 4113 342 4176 166,
361 4133 405 4164 non
422 4117 532 4166 refellam.
585 4115 607 4176 ll
625 4117 728 4164 Testatur
746 4115 826 4164 Suidae
847 4117 861 4165 l.
878 4117 894 4166 l.
