2772 4902
590 355 649 417 141

140 515 302 582 semrerit
334 515 389 580 ille
415 537 495 606 quse
518 513 601 604 apud
629 511 797 578 Eusebium
828 511 1042 579 desiderantur
1071 514 1120 581 rel

137 627 300 719 deprauata
322 643 413 708 suut,
437 629 571 694 subinde
593 626 728 694 rivulum
750 649 807 716 pro
827 628 914 694 fonte
934 627 1020 693 adire
1036 630 1121 717 eopi-

134 765 211 812 mur.
254 744 304 809 Ex
331 743 478 832 Syneello
490 743 566 810 adeo
584 744 677 822 etiarn
691 742 817 808 titulum
836 744 938 833 operis
958 745 1119 812 constitui.

134 855 221 922 Alado
245 857 338 922 enirn
360 857 533 923 Alexander
557 870 588 921 et
615 855 747 922 Berosus
770 857 800 921 ei
823 857 971 920 dicuutur
1000 861 1032 924 οἱ
1060 863 1120 936 τὰς

133 971 336 1050 Χαλδαῖκὰς
363 972 598 1060 ἀρχαιολογίας
622 971 882 1058 περιειληφότες,
906 969 1000 1035 modo
1024 977 1055 1040 ολ
1077 977 1119 1040 τὰ

133 1088 314 1155 Χαλδαϊκὰ
341 1095 608 1174 συγγραψάμενοι
634 1084 811 1151 Alexander
837 1097 869 1150 et
897 1084 1068 1173 Abydenus
1093 1085 1117 1166 ¹,

133 1223 220 1288 quern
231 1203 372 1291 proprie
384 1207 457 1290 περὶ
470 1205 658 1286 Ἀσσυρίων
671 1199 829 1289 scripsisse
844 1199 967 1276 seimus,
982 1199 1120 1266 dialecto

130 1313 231 1380 lanies
252 1318 283 1384 ².
339 1312 485 1382 Ceterum
507 1316 660 1405 vituperia
673 1338 753 1403 quae
766 1315 798 1380 iu
815 1312 1026 1381 Alexandrum
1038 1311 1119 1404 Syn-

132 1429 289 1442 m

129 1502 195 1552 nlius
207 1501 375 1552 Alexandrus
387 1500 459 1566 tagis,
476 1501 515 1550 sed
532 1500 612 1551 debuit
627 1501 669 1550 ille
683 1501 759 1550 amnis
774 1499 834 1550 lulio
848 1501 963 1553 Alriesne.
991 1501 1044 1550 lide
1063 1502 1123 1551 Ver·

130 1597 315 1664 tuipsius&-
339 1595 426 1644 Gessit.
434 1596 454 1643 l.
470 1611 492 1657 p.
511 1591 552 1646 18.
587 1595 806 1660 Qusnssententissn
819 1611 899 1642 vereor
913 1603 939 1642 ut
953 1593 998 1642 siut
1014 1593 1055 1657 qui
1071 1611 1121 1643 aus-

130 1689 256 1752 mear.
296 1689 410 1754 Iosephus
418 1682 571 1740 Ἰουδαϊκὰ
582 1689 673 1753 quiden
681 1689 769 1754 legisse
783 1687 806 1753 (p
823 1685 885 1751 18),
903 1689 942 1736 sed
958 1687 1118 1739 Χαλδαϊκὰ

131 1784 242 1836 λλαιοᾱῐί
254 1784 405 1850 ignoravisse
417 1783 513 1834 ridetur.
549 1783 627 1848 Neque
647 1781 708 1832 enirn
727 1781 835 1846 Synuello
858 1781 995 1846 eradendus)
1012 1790 1062 1844 ast,
1078 1783 1119 1845 qrn'

134 1893 151 1940 p
162 1877 191 1928 66
207 1896 329 1944 apparere
336 1877 446 1954 efflaret,
462 1876 598 1940 Eusebium,
616 1875 739 1940 loseplsnsn
754 1875 856 1938 eliasque
866 1891 939 1922 rerum
948 1874 1119 1923 Chaldatasruaa
1211 1873 1214 1876 ’

140 1971 238 2036 &uteres
257 1979 358 2024 seeutoe
379 1989 426 2020 sesa
452 1971 636 2037 Polybiatorern,
659 1969 794 2036 Abydenuru
812 1979 835 2016 et
851 1953 1031 2032 Apollodorum,
1046 1983 1117 2032 quuns

138 2063 288 2117 ffildseorusaa
307 2082 402 2130 reguum
411 2064 605 2114 lseereutdilnrio
619 2063 750 2126 antiquiusr
764 2062 805 2126 qui
813 2078 879 2124 porro
893 2079 916 2124 p.
932 2059 983 2109 427
1002 2061 1120 2123 lesepbunr

134 2157 176 2206 lisit
189 2176 242 2208 enm
258 2159 320 2208 aliis
333 2159 437 2207 omnibns
450 2159 513 2206 abire
525 2157 549 2205 in
565 2157 699 2206 sententiam
711 2155 834 2205 Alexandri
850 2164 873 2202 et
890 2154 1005 2219 Abydeni,
1024 2170 1119 2203 narrau-

131 2251 176 2300 tis·
189 2253 274 2302 Esilssl
292 2251 416 2301 Alerodsels
431 2253 513 2316 lleqem
531 2252 639 2300 defuneto
662 2261 725 2314 patra
749 2249 974 2300 Nabuchodonesnro
989 2248 1120 2312 regnavisse

130 2359 191 2393 sanas
203 2346 281 2395 eluas.
308 2345 416 2408 Iosephus
427 2344 604 2396 Χαλδαϊκῶν
621 2345 743 2393 Alexandri
758 2345 861 2408 nullam,
879 2343 918 2392 sed
933 2342 1010 2392 Bassai
1024 2343 1120 2393 multare

130 2435 176 2484 lsu't
189 2439 353 2500 nationem,
370 2455 438 2502 quana
452 2438 530 2487 laudet
552 2438 580 2487 de
596 2454 666 2503 reque
689 2438 768 2486 Evilad
789 2437 909 2486 remeat
927 2453 949 2485 ο.
969 2437 1019 2502 Δρ.
1039 2438 1062 2485 l.
1076 2434 1119 2487 20.

132 2529 386 2596 saturnusque:
408 2531 467 2580 illud
481 2532 620 2596 Babyloniae
645 2547 739 2596 regnum
764 2540 971 2591 annumerasset,
988 2548 1017 2579 ex
1034 2533 1119 2580 Βεσοοο

131 2619 224 2673 laesisse
233 2623 354 2688 parandas
368 2635 435 2680 essetz
453 2625 502 2686 sed,
519 2625 622 2688 qnsmris
637 2623 714 2672 Berosi
727 2624 795 2672 rerba
809 2623 837 2670 da
849 2623 938 2671 dilurio
951 2623 1067 2686 recipiens,
1083 2640 1121 2670 ur·

130 2716 175 2766 len
188 2719 337 2783 Babylonem
344 2717 453 2767 exstitisse
462 2726 521 2784 pest
536 2719 646 2767 diluvium
661 2717 737 2767 tradit.
756 2717 811 2765 lida
827 2717 886 2766 Ant.
903 2716 960 2764 Iud.
971 2719 988 2764 l.
1000 2718 1025 2764 4.
1035 2715 1058 2764 3.
1074 2718 1120 2767 lta·

133 2813 255 2873 quslsleus
262 2810 395 2876 syncellus.
422 2811 483 2859 Unde
493 2811 561 2875 petita
572 2811 616 2860 sint
631 2809 760 2875 quseepad
779 2808 897 2873 Agathinus
913 2807 1009 2872 lapissus
1027 2809 1056 2857 ll.
1074 2805 1118 2870 25,

130 2917 172 2950 san
186 2904 278 2969 liqrrat3
300 2921 342 2952 nee
359 2913 434 2954 taurea
452 2905 501 2968 ipso
518 2905 572 2952 lilsri
589 2903 715 2958 Alexandri
731 2920 791 2974 usus·
804 2911 846 2951 est.

163 2997 184 3060 ¹)
200 3017 223 3061 p.
241 2995 314 3058 390,
332 2996 390 3050 427.
424 2999 462 3048 Gi.
479 3016 502 3061 p.
520 2996 554 3047 48
570 3015 615 3061 sq.‚
632 2995 675 3046 61.
710 2999 782 3063 Quera
801 2996 892 3044 titulum
908 2995 972 3059 operi
988 2994 1120 3045 Corneliano

135 3090 247 3140 Asuelsias
265 3091 330 3140 dedit
353 3110 375 3155 p.
404 3090 452 3154 25,
479 3091 628 3142 Χαλδαϊκὰ
645 3093 662 3158 ἢ
680 3089 887 3153 Burrenum
907 3089 1119 3159 ἀπομνημονεύ-

136 3202 228 3247 ματα,
245 3185 267 3232 is
298 3185 363 3233 lictus
388 3195 430 3243 est,
449 3185 537 3234 etiamsi
553 3187 612 3234 inter
628 3185 774 3235 Χαλιάϊκᾶ
790 3194 812 3233 et
830 3184 1036 3246 Βαβυλωνιακὰ
1055 3202 1122 3249 saepe

136 3291 179 3324 san
195 3277 347 3342 distinguitur
359 3289 383 3327 et
399 3279 525 3329 Alexander
540 3279 723 3329 annumerandus
735 3287 769 3328 est
785 3289 843 3337 τοῖς
860 3280 896 3328 τὰ
909 3278 1118 3342 Βαβυλωνιακά

137 3371 272 3438 γράψασι,
290 3371 389 3419 laudatis
408 3389 421 3419 a
438 3372 546 3436 Synoetto
565 3391 591 3436 p.
604 3371 667 3422 386.

169 3463 190 3524 ²)
208 3466 244 3512 Ab
253 3465 350 3512 Eusebio
361 3465 449 3516 CArau.
462 3469 478 3516 Ι.
497 3465 537 3516 sl.
557 3485 579 3529 p.
599 3465 648 3514 195
673 3467 793 3531 Assyrius
814 3467 975 3528 Medicasqrse
988 3467 1120 3513 Historias

139 3555 247 3618 sesipaisse
265 3555 356 3606 dieitur.
380 3556 456 3607 Cetera
472 3575 531 3622 quse
546 3559 575 3606 ad
592 3559 724 3623 Abydenuru
742 3567 843 3620 spectant
859 3561 944 3606 ineerta
956 3558 1042 3605 amnis.
1069 3557 1122 3605 fra·

138 3659 224 3710 peasa
236 3648 437 3713 eollspitltiahter,
454 3653 544 3701 Berera'
553 3667 615 3715 quae
632 3667 726 3716 rupeas.
745 3669 767 3712 p.
784 3649 817 3699 85
835 3669 895 3714 sqq,
911 3667 956 3714 que
990 3651 1041 3698 vida
1053 3650 1120 3698 atiaaa

141 3755 168 3800 p.
182 3739 215 3788 36
239 3759 290 3804 sqq.
330 3745 386 3790 Ante
411 3744 526 3792 Eusebium
554 3761 620 3792 nemo
643 3753 677 3791 est
702 3745 742 3808 qui
761 3743 838 3792 laudet
858 3744 1007 3808 Abydenus,
1037 3744 1122 3807 quique

140 3833 218 3880 sinilia
235 3835 355 3896 referunt,
379 3837 482 3886 Berosunr
500 3837 641 3886 eonsuluissa
659 3839 780 3896 ridentur,
808 3854 874 3898 quern
894 3837 1016 3900 Abydenus
1040 3837 1122 3884 solitus

142 3933 303 3974 astructorem
329 3929 398 3991 aequi.
433 3931 528 3980 Eusebio
552 3932 684 3995 Abydenuur
703 3931 786 3978 leetum
806 3931 874 3978 luisse
899 3940 999 3994 arguunt
1023 3929 1123 3976 eiusdrrn

146 4017 230 4083 praep.
250 4023 352 4086 Ewflg.
370 4023 409 4074 lX.
429 4025 475 4088 12,
496 4025 544 4086 14,
562 4025 592 4073 41
613 4036 636 4073 et
655 4027 768 4076 ίἾινοαίσ.
785 4027 804 4073 l.
820 4023 837 4072 6
854 4042 908 4087 sqq.
928 4019 1078 4071 Alexandrum
1094 4038 1124 4069 ex

146 4108 249 4174 Abydeno
269 4113 310 4161 sal
327 4113 451 4178 Abydenuar
470 4136 498 4166 ex
517 4121 645 4168 Alexandro
661 4119 782 4184 prulsuisae
800 4119 867 4167 nullo
881 4123 1013 4180 erqunsento
1028 4121 1123 4166 coastat.
