2940 4900
665 374 725 438 201

310 564 382 632 Nisi
404 565 441 630 toi
463 585 514 630 me
537 561 684 628 mihimet
705 567 811 629 censes
834 561 995 628 dicturum
1017 559 1108 630 male.

311 655 397 743 Nam
419 678 500 742 siin
523 693 554 742 te
577 678 841 768 aegrotantium
864 678 1014 766 antiquae
1035 693 1124 758 tuae,

203 795 440 899 “liftsn'jq.
730 798 926 806 ----..„.

361 925 439 983 Nam
456 928 481 980 εἰ
493 921 523 981 r'n
541 937 570 981 te
583 935 734 1000 aegrotant
749 925 826 980 drres
841 927 978 1000 antiquo&
996 938 1080 994 tuoe3

363 1037 408 1088 rr'n
428 1029 579 1086 immutare
598 1029 645 1087 uie
665 1035 807 1108 ingenium
828 1029 971 1100 mouban

361 1149 416 1194 out
435 1135 464 1193 sl
480 1138 629 1194 demutant
648 1141 741 1194 mores
761 1135 903 1214 ingenium
925 1151 1020 1208 tuum,

303 1238 345 1302 75
364 1261 455 1319 neque
475 1246 523 1301 adr
544 1249 675 1320 antiquos
695 1248 800 1314 aeroas,
823 1255 870 1300 ast
889 1248 988 1319 coprus
1007 1263 1100 1316 novos,
1117 1275 1157 1290 -
1182 1231 1184 1236 ¹

364 1348 491 1407 omnibus
511 1355 610 1406 amicir
629 1348 755 1407 morbum
777 1355 808 1406 tu
829 1353 947 1407 incuties
967 1369 1091 1426 gravem.

245 1451 339 1513 hona
360 1450 490 1514 difficilia
510 1464 541 1514 et
559 1463 731 1536 corruptus,
752 1453 897 1538 adquam
912 1453 1139 1536 explanandum
1156 1465 1185 1516 et

202 1557 426 1620 emendandum
452 1579 557 1633 ouum,
584 1559 616 1622 h.
646 1581 671 1622 e.
698 1561 866 1644 egregium,
888 1557 1061 1644 symbolum
1083 1560 1186 1622 attulit

202 1661 382 1725 liitacheliue
403 1663 520 1748 Parerg,
542 1665 566 1724 1.
588 1685 656 1748 pag.
680 1665 739 1726 513
759 1685 825 1749 sqq.
855 1665 989 1726 Primum
1003 1665 1186 1729 illarereum

202 1769 243 1830 ⁷³
261 1770 398 1854 spurium
414 1789 473 1832 esse
489 1769 650 1852 probatum
668 1771 739 1842 ivit,
755 1769 846 1832 fidem
862 1769 933 1832 cod.
952 1769 1059 1832 Aeum
1070 1791 1186 1833 versum

202 1876 368 1938 emittentia
382 1875 429 1937 his
452 1877 584 1938 maxime
599 1879 782 1959 argumentis
797 1875 1004 1939 corroborans:
1023 1877 1053 1938 1ο
1067 1876 1187 1938 inflecte

201 1983 302 2044 iterari
323 1997 435 2044 motare
454 1982 590 2060 verbum3
611 1983 653 2044 2⁰.
673 1983 816 2065 languere
836 1983 1022 2044 locutionem
1036 1994 1187 2043 immorare

200 2098 267 2161 utu
295 2087 339 2149 δ’.
365 2093 417 2150 Stn
443 2088 483 2150 ab
501 2090 640 2174 imperito
660 2089 820 2174 interprete
842 2105 894 2150 out
915 2097 940 2148 or·
960 2089 1116 2174 particulis
1136 2087 1187 2150 ad-

202 2195 348 2277 roriptum
369 2215 440 2268 ease,
463 2205 620 2279 totumque
638 2215 753 2256 veroum
773 2195 908 2279 ineptam
934 2217 993 2258 esre
1013 2195 1188 2282 explicatio·

202 2319 273 2361 nem
289 2300 429 2382 proximi.
459 2301 534 2362 Tum
552 2301 634 2364 idem
656 2301 710 2363 ille
727 2302 772 2362 vir
788 2302 1056 2386 praestantissimus
1071 2321 1187 2363 veroum
1261 2349 1264 2358 .

203 2425 325 2490 quoque
347 2405 403 2478 75,
433 2417 469 2468 ut
493 2403 697 2480 subdititium,
724 2407 811 2468 uncia
838 2407 979 2480 inclusit,
1004 2427 1069 2469 non
1097 2407 1186 2468 adsti-

202 2510 330 2595 pulante
350 2509 422 2574 licet
445 2511 487 2585 A,
507 2513 629 2598 colaque
648 2515 765 2576 ratione
783 2513 875 2592 duoe3
896 2535 974 2598 quae
993 2513 1116 2597 quidem
1136 2535 1189 2574 ra·

204 2617 248 2678 tio
268 2637 337 2678 eum
358 2619 533 2679 admonuit:
550 2619 583 2679 1⁰
600 2621 694 2702 ejecto
709 2641 750 2680 rr.
764 2619 820 2694 73,
836 2621 902 2703 jam
921 2639 1029 2702 parurn
1040 2621 1188 2680 concinne

205 2743 259 2780 uuo
274 2741 361 2782 versu
372 2723 519 2784 contineri
531 2724 614 2808 prim
636 2726 799 2786 sententiae
821 2721 999 2799 membrum,
1018 2726 1125 2784 duobus
1145 2723 1188 2784 al·

204 2839 301 2890 terum
307 2851 317 2906 3
346 2827 388 2889 2⁰.
419 2851 510 2890 morer
539 2831 573 2891 in
599 2849 641 2891 ra.
660 2830 785 2914 quidem
804 2829 845 2891 74
866 2851 980 2890 causam
999 2829 1088 2888 morht
1107 2829 1188 2911 cogi-

204 2936 279 3012 tari,
296 2955 488 2998 communem
508 2957 617 3021 nempe
637 2936 743 3021 populi
764 2933 881 3009 labem,
909 2933 1064 3019 publicam
1088 2957 1188 2997 corru-

204 3039 332 3122 ptelam5
352 3052 456 3101 contra
477 3042 511 3101 in
533 3061 574 3103 ve.
595 3041 636 3101 75
657 3063 709 3126 per
718 3039 814 3114 eor,h.
826 3062 851 3102 e.
862 3063 959 3113 mores,
972 3042 1131 3126 ingenium
1141 3040 1188 3102 vel

205 3146 338 3206 indolem
359 3146 506 3208 denotari.
540 3143 669 3207 Roseoti's
690 3159 790 3207 autern
810 3147 921 3230 pannio
942 3145 1003 3208 illia
1024 3147 1186 3219 addititiis,

205 3247 265 3309 duo
292 3261 449 3312 remanent
476 3272 589 3323 versus,
616 3249 727 3334 quibus
746 3253 919 3312 continetur
938 3251 1097 3335 bipartitae
1117 3271 1188 3312 sen·

206 3357 316 3417 tentiae
336 3357 543 3428 conformatio,
565 3379 658 3442 quam
680 3355 915 3419 commendabat
929 3359 995 3442 jam
1017 3342 1209 3428 sicidaliua,=

205 3483 357 3546 quamque
383 3462 430 3524 hie
451 3463 547 3526 verbis
568 3465 720 3549 exposuit:
744 3465 809 3526 Sive
829 3475 934 3548 sponte
955 3485 972 3523 a
993 3461 1080 3522 bonis
1096 3461 1188 3522 desci-

206 3570 276 3640 scis,
289 3570 349 3630 sire
363 3565 453 3653 hujus
469 3571 561 3632 aemuli
580 3571 721 3654 contagio
742 3571 840 3632 maluo
858 3571 968 3630 evadis.
978 3601 1018 3616 -
1034 3567 1082 3628 Sic
1095 3567 1189 3648 igitur

75 3754 80 3762 ν
205 3673 331 3736 breritm
357 3681 560 3739 enarravimus
587 3689 765 3762 argumenta
787 3677 935 3762 graviora,
957 3695 1035 3758 quac
1056 3673 1189 3736 Riteche-

205 3777 284 3842 lium
303 3795 513 3864 permoverunt
533 3795 570 3844 ut
587 3783 663 3844 duos
684 3784 752 3844 ictos
773 3779 932 3844 versiculos
947 3778 1191 3841 obeloconsode-

206 3897 260 3948 ret.
298 3887 367 3947 lane
388 3907 465 3962 rer-o,
485 3911 563 3972 quae
584 3909 649 3952 mea
669 3890 708 3950 eit
727 3889 764 3949 de
783 3887 843 3950 hoc
862 3887 929 3948 loco
950 3880 1106 3958 sententia,
1122 3905 1189 3970 ape-

206 3995 284 4054 riam
312 4013 429 4054 necesso
455 4005 513 4066 est,
541 3995 622 4079 quod
651 3995 779 4057 breviter
794 3997 861 4077 jam
881 3993 974 4054 lacere
996 3991 1075 4054 licet.
1112 3991 1188 4051 Num

208 4097 289 4180 quod
308 4093 432 4180 quidem
446 4099 485 4160 ad
505 4120 546 4162 rr.
567 4099 608 4164 7³
628 4099 752 4178 adtinet,
773 4097 856 4162 haud
877 4107 1053 4160 cunctanter
1073 4097 1105 4156 in
1126 4095 1189 4156 liit-
