2940 4920
606 305 618 338 a

751 359 793 420 72

261 545 264 550 ¹
283 571 434 633 Daemon
448 587 565 632 nomen
582 563 804 652 reponendum
820 558 957 650 putabit.
978 557 1097 624 “Haud
1108 553 1263 626 dissimile

280 683 317 747 iis
340 703 441 773 genus
465 679 669 745 Pharnacem
696 679 730 742 in
752 673 923 764 Aethiopia
949 671 1090 764 prodidit
1117 672 1258 751 Damon,

281 818 422 886 quorum
431 793 529 860 sudor
541 789 649 858 tabem
662 791 814 856 contactis
823 784 1011 878 corporibus
1019 781 1161 852 adem&
1177 782 1258 850 Cer-

281 922 353 976 tum
376 923 423 973 est
450 905 624 996 utrobique
642 903 785 972 ciusdem
801 904 962 992 scriptoris
982 899 1259 979 commentarium,

210 1077 217 1094 .
280 1021 451 1090 mmm
465 1019 593 1087 fortasse
611 1021 817 1110 inscriptum,
837 1013 1016 1108 significari.
1045 1013 1208 1104 Equidem
1222 1028 1261 1078 ut

281 1134 316 1198 in
336 1135 492 1200 Damoeta
506 1151 609 1223 partes
626 1131 740 1200 mam
758 1130 834 1198 facit
850 1131 992 1220 primum
1008 1126 1138 1194 alterius
1151 1127 1260 1193 nomi·

281 1247 331 1310 nis
354 1243 537 1328 insolentia,
561 1247 651 1336 quod
671 1245 761 1312 haud
779 1246 845 1312 scio
859 1267 901 1310 an
918 1265 1058 1332 usquam
1073 1239 1259 1330 reperiatur,

281 1359 307 1422 si
321 1355 424 1424 Elidis
437 1357 578 1426 fluvium
591 1361 765 1449 exeeperis3
776 1357 891 1424 deinde
904 1355 995 1447 quod
1007 1356 1160 1422 Damonis
1169 1347 1260 1420 com·

281 1473 474 1540 menterioni
489 1477 567 1563 Περὶ
582 1475 753 1554 Βυζαντίου
771 1471 883 1538 laudat
892 1470 1078 1538 Athenaeus
1090 1469 1132 1535 X.
1145 1491 1179 1556 p.
1195 1467 1260 1530 m

281 1583 310 1652 C
333 1601 431 1678 atque
454 1609 494 1653 ex
518 1585 581 1652 hoc
597 1584 754 1654 Aelianus
779 1587 822 1654 V.
837 1587 879 1653 H.
901 1585 962 1652 111.
985 1587 1038 1650 ld.
1066 1583 1181 1674 Neque
1200 1579 1261 1646 ab·

170 1683 172 1689 ‘
280 1699 886 1792 homtapmenneeeunnmaae,
900 1701 958 1790 qui
972 1695 1260 1790 nungentum.

281 1814 308 1880 1.
319 1815 364 1882 40
374 1815 493 1884 dicitur
502 1815 630 1882 Damon
640 1813 993 1904 Cyrenaeo-effluo&
999 1815 1068 1904 περὶ
1076 1807 1260 1902 edendum.

280 1927 459 2021 Utcunque
472 1952 548 1997 vero
568 1928 631 1996 hoc
646 1943 709 2012 est,
722 1945 761 1995 tu
777 1951 906 1996 mecum
919 1925 1011 1994 deum
1021 1925 1150 1993 Graecis
1160 1922 1261 1988 histo-

282 2040 353 2106 ricis
364 2040 712 2123 Dodonem,sidernere
721 2040 852 2108 medicis
861 2037 1049 2106 herbarium
1058 2035 1151 2104 nolis.
1163 2035 1261 2102 Unde

281 2149 378 2216 Plinii
391 2175 481 2218 error
494 2151 686 2242 repetendus
702 2154 758 2235 sit,
777 2151 869 2218 facile
884 2151 1063 2216 coniicitur.
1085 2149 1159 2216 Sive
1174 2149 1261 2214 enim

281 2261 358 2329 alios
373 2265 540 2353 scriptores
555 2281 682 2331 oecutus
694 2263 791 2332 fueris
801 2267 867 2332 sive
880 2265 1033 2354 excerptis
1047 2287 1141 2343 usus,
1155 2261 1263 2350 hausit

281 2377 460 2459 eGraacis,
481 2378 701 2468 scriptumque
720 2381 903 2448 ΔΑΛῙΩΝ
921 2376 973 2446 vel
992 2377 1192 2446 ΔΑΛΛΩΝ
1210 2399 1261 2442 re-

281 2492 365 2580 perit
379 2489 495 2584 legitve
511 2514 571 2582 pro
592 2495 773 2570 AAnmN,
789 2492 830 2558 de
849 2514 990 2584 quarum
1007 2489 1173 2557 literarum
1186 2513 1261 2582 per-

281 2605 459 2670 mutatione
488 2603 529 2670 cs.
561 2603 656 2670 Bastii
676 2602 857 2672 Comment.
880 2603 1041 2698 Palaeogr.
1062 2627 1094 2694 p.
1120 2603 1186 2670 723
1213 2627 1260 2694 sq.

282 2715 393 2809 ibique
414 2717 572 2787 Schaeser.
886 2729 892 2748 ⁸

755 2881 795 2946 V.

327 3027 452 3094 Laudat
466 3027 659 3095 Plutarchus
674 3029 741 3096 Vit
759 3029 855 3096 Thes.
868 3031 950 3110 XX,
969 3028 1027 3096 ubi
1049 3032 1114 3123 agit
1127 3029 1168 3096 de
1184 3027 1261 3095 Asi-

282 3141 365 3207 adne
382 3167 401 3206 a
419 3141 543 3208 Theseo
560 3141 669 3209 relicta
686 3144 825 3208 Hereum
838 3145 1070 3232 Megarenscm,
1088 3167 1166 3210 usus
1177 3144 1261 3210 cius-

282 3254 357 3323 dem
373 3255 494 3324 Hamae
509 3259 689 3324 testimonio
709 3259 744 3324 in
760 3259 942 3324 narratione
956 3257 997 3324 de
1011 3255 1116 3349 Alyco
1135 3257 1178 3323 ab
1194 3259 1262 3347 ipso

281 3368 406 3436 Theseo
425 3369 590 3436 interfecto
611 3370 653 3438 ad
673 3369 853 3460 Aphidnas,
872 3368 895 3435 l.
915 3369 938 3436 l.
954 3371 1098 3438 XXXII.
1115 3369 1167 3437 Cf.
1180 3369 1259 3437 ibid

280 3481 325 3549 X.
347 3483 455 3552 Etiam
476 3483 544 3552 Vit.
565 3483 631 3552 sol.
653 3485 687 3551 X
704 3483 821 3551 Heroas
837 3483 1009 3550 adducitur
1023 3485 1124 3566 testis,
1141 3487 1264 3575 quippe

281 3598 340 3686 qui
362 3597 473 3664 doceat
491 3598 696 3690 Megarenses
715 3598 759 3662 ita
779 3595 912 3686 sepelire
925 3613 1079 3678 mortuos,
1096 3613 1135 3663 ut
1150 3597 1192 3664 ad
1206 3621 1263 3664 oo-

280 3709 438 3776 cidentem
460 3711 614 3778 cadavera
634 3711 699 3776 sint
716 3733 884 3792 conversa,
907 3709 1010 3776 trihus
1032 3726 1211 3800 quatuorve
1228 3712 1263 3776 in

281 3821 394 3888 eodem
425 3823 572 3914 sepulcro
599 3825 791 3912 compositis.
825 3824 911 3890 Haec
937 3833 1190 3892 consentadetuu
1217 3841 1264 3890 eet

281 3935 395 4002 tradita
427 3935 524 4006 fuisse
556 3941 591 4006 in
624 3961 720 4028 opere
747 3939 787 4006 de
820 3937 917 4004 rebus
944 3939 1198 4031 Megarensium,
1227 3938 1262 4004 in

281 4053 472 4140 Μεγαρικοῖς.
509 4051 550 4118 ln
578 4067 739 4118 auctorem
767 4075 842 4118 vero
864 4051 1031 4142 inquirens
1054 4049 1135 4120 nihil
1156 4067 1202 4118 eet
1223 4075 1262 4118 ex
