2862 4894
597 349 734 426 ta,

156 554 224 613 care,
240 529 272 597 (l.
288 532 406 598 Rabirii
430 553 524 596 manu
547 531 586 598 L.
603 530 826 616 Saturninum,
852 530 973 599 hostem
999 531 1113 624 populi

155 647 279 726 bomani,
301 645 518 712 intersectuml
542 647 693 714 Libenter
711 647 737 731 ¹,
755 647 903 738 inquam,
929 649 1107 731 confiterer,

153 764 176 825 si
199 785 257 828 rere
277 784 412 852 possem,
435 775 489 828 aut
521 761 634 843 etiarn,
658 762 683 827 si
710 759 791 827 mihi
818 775 897 828 essct
929 762 1110 852 integrum,

153 873 185 942 C.
205 875 312 940 Rabirii
336 897 431 940 manu
453 875 489 942 L.
517 872 723 941 Saturninum
745 898 810 943 esse
834 876 993 942 ocoisum:
1018 890 1049 943 et
1079 877 1112 942 id

152 990 251 1054 lacinus
277 988 523 1080 pulcherrimum
547 1012 612 1056 esse
632 989 814 1058 arbitrarer.
863 989 955 1077 Quod
977 989 1033 1056 si²
1060 991 1111 1057 le-

152 1103 239 1186 cisset,
258 1127 316 1169 noo
337 1104 528 1194 supplicium
550 1105 675 1170 fuissem
696 1105 933 1194 deprecaturus,
949 1106 1002 1172 sed
1021 1129 1112 1196 prae·

152 1218 233 1281 mium
257 1218 475 1306 postulaturus.
523 1219 668 1300 Etenim,
705 1220 730 1284 si
760 1217 915 1302 Scaevae,
950 1243 1038 1286 serro
1070 1221 1110 1306 Q.

152 1331 288 1414 Crotonis,
310 1334 365 1422 qui
387 1331 504 1397 occidit
525 1331 560 1398 L.
577 1331 797 1414 Saturninum,
815 1333 944 1401 libertas
960 1337 1031 1400 data
1050 1350 1111 1402 est:

152 1443 221 1536 quod
241 1447 338 1535 equiti
360 1447 502 1512 Romano
523 1448 700 1536 praemium
722 1447 790 1514 dari
813 1471 870 1538 par
894 1449 1023 1516 luisset?

183 1675 243 1744 Vll.
270 1680 322 1744 26.
346 1678 509 1743 Praeterea
528 1675 541 1715 ³
559 1700 617 1766 ego
641 1677 852 1744 adolescentes
873 1678 970 1744 bonos
990 1692 1022 1745 et
1045 1680 1110 1744 for-

152 1795 198 1868 tes,
221 1787 270 1852 sed
303 1811 374 1854 usos
409 1812 443 1854 ea
475 1789 658 1855 conditione
689 1791 850 1867 fortunae,
875 1804 930 1870 ut,
956 1793 980 1856 si
1010 1805 1111 1856 essent

155 1905 324 1992 magistratus
357 1904 480 1996 adepti,
521 1905 564 1970 rei
599 1904 746 1994 publicae
788 1917 903 1969 statum
933 1903 1112 1970 convolsuri

158 2017 322 2104 riderentur,
347 2022 424 2088 meis
443 2021 629 2104 inimicitiis,
646 2021 731 2086 nulla
755 2033 879 2086 senatus
898 2019 978 2086 mala
1000 2021 1108 2108 gratia,

154 2137 329 2202 conitiorum
361 2137 483 2202 ratione
515 2136 647 2226 prirari.
695 2135 851 2202 llurum⁴
887 2135 1003 2200 fateor:
1034 2134 1111 2224 quid

148 2247 210 2312 enirn
231 2250 404 2332 crudelius,
431 2273 524 2340 quam
548 2249 690 2328 homines
711 2249 847 2316 honestis
869 2251 1052 2339 parentibus
1075 2272 1111 2314 ac

146 2361 296 2429 caloribus
316 2378 405 2430 natos
427 2389 444 2430 a
467 2388 499 2430 re
524 2365 653 2454 publica
674 2365 878 2430 submoneri?
924 2362 984 2430 Sed
1007 2365 1049 2429 ita
1066 2363 1111 2430 le·

144 2471 216 2558 gibus
227 2474 333 2544 Sullae
352 2477 547 2544 cohaerebat
563 2492 660 2544 status
677 2480 831 2561 cir-itatis,
854 2491 902 2560 ut,
926 2477 975 2542 his
987 2478 1110 2555 solutis,

145 2599 209 2656 stare
230 2592 297 2680 ipsa
320 2615 382 2658 non
409 2605 524 2682 posset.
572 2593 625 2660 Sic
643 2592 656 2630 ⁵
675 2592 783 2674 multa,
804 2615 884 2682 quac
903 2590 1031 2656 honesta
1056 2615 1111 2656 na·

144 2711 199 2767 tora
221 2704 366 2772 ridentur
390 2729 472 2784 esse,
498 2707 694 2796 temporibus
718 2707 798 2772 fiunt
811 2729 872 2770 non
886 2705 1027 2770 honesta.
1055 2708 1111 2773 27.

143 2813 201 2880 Et⁸
223 2842 322 2910 quum
343 2821 418 2885 boni
444 2821 578 2886 consulis
599 2821 658 2898 sit,
681 2843 742 2886 non
762 2821 862 2887 solum
887 2819 1007 2901 ridere,
1034 2819 1111 2908 quid

142 2945 250 3018 agatur,
272 2957 382 3000 rerum
402 2936 496 3000 etiam
518 2933 697 3025 providere,
720 2934 796 3024 quid
828 2937 970 3000 futurum
991 2933 1043 3014 sit,
1068 2933 1112 2998 le-

141 3063 194 3128 pern
211 3046 224 3084 ⁷
248 3045 289 3114 de
307 3049 430 3114 ambitu
459 3048 537 3127 tuli;
559 3048 611 3114 sed
630 3047 644 3087 ⁸
670 3047 727 3113 tuli
743 3071 778 3114 er
798 3063 922 3114 senatus
946 3046 1108 3128 consulto,

141 3156 187 3223 tuli
208 3161 272 3228 sine
301 3163 350 3240 ri,
379 3162 435 3228 tuli
458 3163 550 3228 salsis
575 3164 744 3252 auspiciis,
767 3162 847 3228 salsa
878 3162 945 3250 lege
977 3162 1065 3227 delia
1080 3173 1111 3226 et

140 3267 232 3338 Folia:
256 3297 338 3365 quae
370 3299 438 3342 men
469 3275 519 3342 lex
552 3274 691 3342 dilucide
722 3288 826 3358 aetat,
860 3293 1007 3356 n1un1t10,
1049 3293 1111 3351 orn

140 3400 196 3458 ons
228 3405 355 3468 Ριτιτ,
395 3406 610 3455 estrrvnrsvn
645 3405 718 3469 sta,
755 3405 970 3455 salomones
1002 3405 1110 3468 unns,

141 3511 190 3564 nsr
212 3519 249 3566 rx
273 3519 482 3570 russausuro
505 3519 719 3570 enrrsararra
744 3519 809 3571 nur.
835 3505 889 3572 28.
913 3501 1004 3569 Sed⁹
1036 3501 1113 3592 quid

144 3687 284 3704 ‘’Q—...-

165 3807 696 3882 ¹)rua.§1e.-²)rsra.0.1r.tat.
716 3841 748 3852 -
768 3811 1111 3880 arduennensi.-

137 3895 155 3960 ‘t
170 3900 251 3967 ῖιιμ
270 3915 328 3956 aas
342 3907 371 3955 ue
388 3905 507 3970 samanar.
522 3908 585 3958 rura
599 3908 632 3974 (aa
650 3908 709 3957 eur.
721 3906 799 3958 narrar
810 3908 839 3955 r.
853 3907 894 3956 rr.
909 3907 938 3955 r.
951 3907 986 3955 ιι.
996 3924 1023 3969 p.
1034 3905 1107 3968 aas).

139 3987 927 4068 illabua.1t1.c.25.§95.-⁰tpronaum-2.§t.-
944 3995 1107 4066 ttttstuatt.

138 4081 182 4147 i5·
193 4114 224 4128 -
238 4089 265 4158 ⁸)
278 4091 389 4146 utaris.
402 4109 427 4143 o.
446 4091 490 4144 lo.
503 4091 567 4161 §S'L
582 4123 614 4134 -
632 4093 656 4160 ⁹)
667 4093 812 4146 del’rorino.
825 4091 921 4143 Consul.
934 4108 959 4142 c.
972 4089 1017 4140 lt.
1032 4090 1045 4156 p
1061 4085 1108 4138 26.
