2942 4902
768 371 809 434 38

297 558 536 624 coniuratorum
556 556 684 621 incitata
702 557 761 635 vis,
775 555 859 620 duce
869 567 871 574 ’
880 553 1014 619 tribuno
1028 551 1146 642 piebis,
1161 572 1279 621 eontu-

295 668 382 736 iibus
402 669 603 752 auctoribus,
625 668 747 738 afflicto·
770 681 901 749 senatu,
919 665 1092 757 perimitis
1113 664 1279 757 equitibus

297 767 465 866 Romanis,
477 807 628 875 suspensa
642 807 681 850 ac
696 781 829 849 sollicita
843 793 909 846 tnta
923 763 1059 861 civitate,
1074 798 1142 845 non
1160 787 1227 844 tarta
1243 780 1278 854 in

295 917 348 964 me
365 898 522 987 impetum
541 895 674 978 iaceret,
696 916 797 987 quam
816 917 875 986 per
896 916 949 960 me
969 895 1005 959 in
1029 911 1141 958 omnes
1160 891 1278 958 bonos:

296 1032 462 1078 seruorum
478 1011 489 1052 ¹
515 1025 547 1076 et
569 1010 733 1103 egentium
755 1009 876 1076 civium
898 1022 930 1074 et
950 1005 1203 1072 facinorosorum
1228 1023 1280 1070 aa·
1314 1019 1319 1033 '

296 1123 357 1190 mis
371 1147 458 1190 meos
472 1124 567 1205 cives,
587 1124 665 1206 meis
675 1120 814 1188 consiliis
828 1118 1044 1211 periuriisque
1056 1131 1204 1200 serratos,
1220 1117 1297 1208 pro'

294 1259 348 1304 me
362 1236 457 1302 obiici
472 1233 574 1301 nolui.
607 1235 685 1302 Vidi
700 1236 804 1316 enim,
826 1231 893 1300 ridi
902 1281 912 1313 ,
927 1233 968 1317 Q.
984 1232 1192 1300 florensium
1201 1281 1211 1314 ,
1226 1231 1280 1297 lna

295 1370 371 1416 men
390 1367 422 1416 et
436 1365 663 1416 ornamentum
685 1344 914 1438 reipublicae,
936 1366 1039 1436 paone
1058 1344 1193 1414 interfici
1214 1361 1281 1412 sert·

295 1483 412 1527 vorum
426 1483 538 1541 manu,
552 1481 658 1552 quum
673 1459 753 1525 mihi
773 1459 909 1525 adesset:
925 1437 992 1549 qua
1005 1461 1041 1524 in
1055 1458 1153 1525 turha
1168 1456 1207 1524 G.
1219 1459 1281 1526 Vt-

296 1573 423 1655 bienm,
438 1587 574 1654 senator,
593 1575 644 1639 vir
656 1575 807 1663 optimus,
821 1595 899 1638 cum
909 1568 972 1640 hoc
987 1595 1093 1664 quum
1105 1585 1185 1640 osset
1199 1591 1278 1652 nna,

294 1689 339 1752 ita
361 1703 407 1752 est
427 1685 596 1768 mulcatus,
619 1701 657 1752 ut
675 1689 774 1754 vitam
796 1686 944 1752 amiserit.
969 1685 1023 1751 tt.
1038 1685 1157 1770 Quae⁸
1175 1706 1281 1777 qnam

295 1803 404 1868 omnia
425 1815 522 1892 atque
546 1801 642 1866 etiam
669 1797 774 1867 multo
797 1799 859 1866 aiia
875 1801 1013 1881 maiora,
1032 1818 1117 1889 quae
1134 1797 1281 1866 consulto

294 1931 467 2006 praetereo,
484 1913 686 1996 accidissent,
707 1913 821 1981 dederi
839 1915 854 1958 ³
870 1915 1017 2005 coniugis
1034 1914 1169 1980 miserae
1186 1913 1282 1980 disci-

295 2031 406 2111 dium,
422 2027 601 2094 liberorum
616 2029 851 2094 carissimorum
872 2025 1088 2108 solitudinem,
1099 2024 1204 2092 fratris
1222 2024 1281 2090 ab-

295 2145 391 2210 sentis
409 2142 615 2208 amantissimi
633 2154 731 2233 atque
748 2143 861 2232 optimi
880 2153 1006 2223 aarum,
1023 2138 1145 2207 subtus
1163 2129 1282 2207 firnda-

295 2258 431 2322 tissimae
448 2253 586 2322 familiae
604 2259 729 2322 ruinas:
751 2257 807 2324 sed
829 2257 879 2323 his
896 2254 1049 2324 omnihus
1068 2254 1166 2322 rebus
1182 2256 1282 2322 vitam

295 2372 461 2460 anteposui
475 2391 622 2436 meorum
632 2372 768 2449 civium
786 2384 923 2462 remque¹
933 2367 1099 2460 publicam
1113 2369 1281 2436 concidere

294 2505 366 2550 meo
380 2485 479 2550 unius
491 2483 638 2567 dimissu
647 2507 747 2576 quam
757 2486 905 2552 omnium
916 2483 1200 2552 interituoccidero
1212 2502 1282 2548 ma*

293 2595 351 2664 lui.
363 2597 416 2665 9⁰.
423 2597 575 2666 servam
587 2599 686 2690 igitur
694 2618 765 2664 rem
773 2583 1172 2687 publicamdisoassumeo,
1179 2615 1282 2688 eoque

294 2711 422 2780 caedem
432 2737 452 2779 a
463 2711 588 2780 civibus
598 2709 773 2802 liberisque
785 2732 908 2795 eorum,
922 2715 1109 2794 vastitatem,
1123 2712 1282 2792 incendia,

294 2827 432 2916 rapinas,
441 2846 514 2892 meo
525 2825 635 2892 dolore
644 2824 802 2916 luctuque
816 2825 941 2917 depuli:
957 2839 1083 2892 etnam
1095 2824 1283 2916 tcmpnbii-

294 2959 366 3004 cam
383 2937 434 3005 his
459 2941 600 3021 servavi,
624 2937 721 3006 semel
741 2937 860 3031 gloria,
886 2941 1003 3005 iterum
1028 2955 1182 3006 aerumna
1200 2953 1281 3006 mee.

295 3050 410 3142 Neque
431 3053 520 3119 enim
544 3056 579 3120 in
604 3054 667 3121 hoc
687 3077 741 3122 me
763 3054 929 3122 hominem
946 3073 1013 3122 osse
1037 3051 1201 3122 infitiabor
1215 3069 1283 3120 tm*

294 3186 413 3255 quam,
438 3181 476 3230 ut
499 3186 555 3233 mo
579 3168 701 3260 optir'no
723 3166 838 3251 fratre,
859 3169 1025 3234 carissimis
1043 3165 1171 3250 liberie,
1193 3165 1283 3232 fidis-

295 3275 373 3342 sima
394 3278 543 3370 coniuge,
559 3292 733 3370 conspectu
746 3279 928 3360 bonorum,
943 3281 1056 3369 patria,
1072 3279 1135 3344 hoc
1150 3278 1282 3344 honoris

294 3391 418 3486 gradu,
436 3394 504 3460 sine
519 3391 628 3461 doloro
646 3397 783 3462 caruisse
803 3393 928 3488 glorier.
964 3393 1019 3459 91.
1043 3389 1153 3460 ΜΙῐὶὶι
1174 3403 1282 3459 autem

294 3503 493 3598 temporibus
509 3505 572 3574 illis
587 3507 730 3576 multum
748 3511 783 3575 in
808 3511 915 3577 animo
935 3506 1063 3575 Marius
1084 3507 1280 3588 venabatur,

294 3621 480 3688 recordanti
487 3647 604 3713 ‚quam
620 3621 674 3690 ille
689 3647 820 3715 gravem
838 3643 936 3690 suum
950 3605 1060 3690 casam
1075 3642 1194 3716 magno
1209 3625 1280 3688 ani-

294 3757 364 3816 mo,
389 3757 490 3824 quarn
513 3737 671 3802 constanti
694 3735 825 3804 tulisset.
860 3737 1109 3804 Meminerant
1132 3737 1280 3804 divinum

294 3862 470 3881 m-

331 3915 351 3986 ¹)
370 3935 415 3986 pro
430 3921 520 3970 itiione
535 3935 559 3970 c.
573 3921 615 3968 ss.
629 3916 643 3982 d
656 3921 701 3968 36.
713 3945 748 3954 -
764 3915 786 3980 ¹)
801 3933 846 3983 pro
858 3917 941 3970 Sextio
953 3935 978 3970 c.
992 3921 1036 3971 23.
1048 3917 1062 3985 d
1075 3921 1118 3970 tt.
1142 3945 1176 3956 —
1194 3913 1217 3982 ⁸)
1236 3929 1280 3977 pro

293 4017 370 4068 Domo
381 4029 424 4065 sua
438 4029 461 4064 c.
475 4014 519 4064 56.
531 4013 544 4079 §
557 4013 602 4064 96.
616 4039 651 4050 -
669 4009 692 4080 ⁴)
704 4027 748 4077 pro
757 4013 841 4064 Sextio
852 4029 876 4066 c.
891 4015 936 4066 22.
950 4012 1018 4078 iii).
1041 4039 1075 4050 -
1091 4009 1113 4078 ⁸)
1133 4013 1164 4062 de
1174 4011 1277 4060 visinat.

295 4111 329 4160 11.
342 4127 366 4162 c.
381 4109 424 4159 6¹1.
437 4105 450 4172 i
461 4109 520 4158 tto.
535 4133 570 4144 -
588 4101 612 4172 ⁶)
626 4107 764 4170 proseuta
778 4123 801 4158 c.
816 4107 858 4158 ¹2.
872 4105 938 4172 iio.
