<?xml version="1.0" encoding="UTF-8"?>
<!DOCTYPE html PUBLIC "-//W3C//DTD XHTML 1.0 Transitional//EN"
    "http://www.w3.org/TR/xhtml1/DTD/xhtml1-transitional.dtd">
<html xmlns="http://www.w3.org/1999/xhtml" xml:lang="en" lang="en">
 <head>
  <title>
</title>
<meta http-equiv="Content-Type" content="text/html;charset=utf-8" />
  <meta name='ocr-system' content='tesseract 3.04.00' />
  <meta name='ocr-capabilities' content='ocr_page ocr_carea ocr_par ocr_line ocrx_word'/>
</head>
<body>
  <div class='ocr_page' id='page_1' title='image "./miscellaneaphil00paedgoog_0062.png"; bbox 0 0 2862 4894; ppageno 0'>
   <div class='ocr_carea' id='block_1_1' title="bbox 663 309 703 371">
    <p class='ocr_par' dir='ltr' id='par_1_1' title="bbox 663 309 703 371">
     <span class='ocr_line' id='line_1_1' title="bbox 663 309 703 371; baseline -0.025 0"><span class='ocrx_word' id='word_1_1' title='bbox 663 309 703 371; x_wconf 77' lang='lat' dir='ltr'><strong>ll</strong></span> 
     </span>
    </p>
   </div>
   <div class='ocr_carea' id='block_1_2' title="bbox 188 490 1185 1952">
    <p class='ocr_par' dir='ltr' id='par_1_2' title="bbox 188 490 1185 1952">
     <span class='ocr_line' id='line_1_2' title="bbox 189 490 1182 582; baseline 0 -22"><span class='ocrx_word' id='word_1_2' title='bbox 189 495 378 560; x_wconf 78' lang='lat' dir='ltr'><strong>sollicitatio</strong></span> <span class='ocrx_word' id='word_1_3' title='bbox 409 493 456 560; x_wconf 83' lang='lat' dir='ltr'><strong>eie</strong></span> <span class='ocrx_word' id='word_1_4' title='bbox 480 517 497 558; x_wconf 82' lang='lat' dir='ltr'><strong>u</strong></span> <span class='ocrx_word' id='word_1_5' title='bbox 525 493 662 561; x_wconf 78' lang='lat' dir='ltr'>Lentulo</span> <span class='ocrx_word' id='word_1_6' title='bbox 684 493 861 582; x_wconf 81' lang='lat' dir='ltr'><strong>ceterisque</strong></span> <span class='ocrx_word' id='word_1_7' title='bbox 884 490 1061 558; x_wconf 74' lang='lat' dir='ltr'><strong>domesticis</strong></span> <span class='ocrx_word' id='word_1_8' title='bbox 1085 491 1182 560; x_wconf 87' lang='lat' dir='ltr'><strong>bosti-</strong></span> 
     </span>
     <span class='ocr_line' id='line_1_3' title="bbox 189 607 1181 696; baseline 0.001 -22"><span class='ocrx_word' id='word_1_9' title='bbox 189 613 270 690; x_wconf 78' lang='lat' dir='ltr'><strong>bur,</strong></span> <span class='ocrx_word' id='word_1_10' title='bbox 313 623 398 674; x_wconf 77' lang='lat' dir='ltr'><strong>tenta</strong></span> <span class='ocrx_word' id='word_1_11' title='bbox 426 631 477 674; x_wconf 84' lang='lat' dir='ltr'><strong>res</strong></span> <span class='ocrx_word' id='word_1_12' title='bbox 517 621 580 674; x_wconf 77' lang='lat' dir='ltr'><strong>tum</strong></span> <span class='ocrx_word' id='word_1_13' title='bbox 612 607 773 674; x_wconf 84' lang='lat' dir='ltr'><strong>dementer</strong></span> <span class='ocrx_word' id='word_1_14' title='bbox 806 609 927 674; x_wconf 83' lang='lat' dir='ltr'><strong>credite</strong></span> <span class='ocrx_word' id='word_1_15' title='bbox 955 621 986 674; x_wconf 88' lang='lat' dir='ltr'><strong>et</strong></span> <span class='ocrx_word' id='word_1_16' title='bbox 1010 610 1125 696; x_wconf 79' lang='lat' dir='ltr'><strong>ignotis</strong></span> <span class='ocrx_word' id='word_1_17' title='bbox 1150 623 1181 675; x_wconf 90' lang='lat' dir='ltr'><strong>et</strong></span> 
     </span>
     <span class='ocr_line' id='line_1_4' title="bbox 189 723 1184 814; baseline 0.002 -26"><span class='ocrx_word' id='word_1_18' title='bbox 189 723 360 800; x_wconf 75' lang='lat' dir='ltr'><strong>herberie,</strong></span> <span class='ocrx_word' id='word_1_19' title='bbox 392 723 641 812; x_wconf 75' lang='lat' dir='ltr'><strong>commissaeque</strong></span> <span class='ocrx_word' id='word_1_20' title='bbox 665 724 772 790; x_wconf 83' lang='lat' dir='ltr'><strong>literae</strong></span> <span class='ocrx_word' id='word_1_21' title='bbox 802 747 961 812; x_wconf 80' lang='lat' dir='ltr'><strong>nunquam</strong></span> <span class='ocrx_word' id='word_1_22' title='bbox 986 737 1087 788; x_wconf 86' lang='lat' dir='ltr'><strong>esseut</strong></span> <span class='ocrx_word' id='word_1_23' title='bbox 1111 747 1184 814; x_wconf 91' lang='lat' dir='ltr'><strong>pro·</strong></span> 
     </span>
     <span class='ocr_line' id='line_1_5' title="bbox 188 837 1183 919; baseline 0.004 -17"><span class='ocrx_word' id='word_1_24' title='bbox 188 839 301 919; x_wconf 83' lang='lat' dir='ltr'><strong>lecto,</strong></span> <span class='ocrx_word' id='word_1_25' title='bbox 327 837 428 902; x_wconf 77' lang='lat' dir='ltr'><strong>nisio</strong></span> <span class='ocrx_word' id='word_1_26' title='bbox 453 837 513 900; x_wconf 86' lang='lat' dir='ltr'><strong>diis</strong></span> <span class='ocrx_word' id='word_1_27' title='bbox 542 838 773 904; x_wconf 70' lang='lat' dir='ltr'><strong>immortalibus</strong></span> <span class='ocrx_word' id='word_1_28' title='bbox 807 838 883 904; x_wconf 87' lang='lat' dir='ltr'><strong>huie</strong></span> <span class='ocrx_word' id='word_1_29' title='bbox 910 852 1012 916; x_wconf 81' lang='lat' dir='ltr'><strong>tnutne</strong></span> <span class='ocrx_word' id='word_1_30' title='bbox 1035 839 1183 906; x_wconf 71' lang='lat' dir='ltr'><strong>audaciae</strong></span> 
     </span>
     <span class='ocr_line' id='line_1_6' title="bbox 189 951 1184 1040; baseline 0.001 -23"><span class='ocrx_word' id='word_1_31' title='bbox 189 953 364 1018; x_wconf 79' lang='lat' dir='ltr'><strong>eonsilium</strong></span> <span class='ocrx_word' id='word_1_32' title='bbox 398 965 480 1016; x_wconf 86' lang='lat' dir='ltr'><strong>esset</strong></span> <span class='ocrx_word' id='word_1_33' title='bbox 512 965 666 1040; x_wconf 87' lang='lat' dir='ltr'><strong>ereptum.</strong></span> <span class='ocrx_word' id='word_1_34' title='bbox 714 952 795 1038; x_wconf 80' lang='lat' dir='ltr'><strong>Quid</strong></span> <span class='ocrx_word' id='word_1_35' title='bbox 834 955 934 1019; x_wconf 78' lang='lat' dir='ltr'><strong>uero?</strong></span> <span class='ocrx_word' id='word_1_36' title='bbox 970 965 1006 1018; x_wconf 91' lang='lat' dir='ltr'><strong>ut</strong></span> <span class='ocrx_word' id='word_1_37' title='bbox 1041 951 1184 1020; x_wconf 86' lang='lat' dir='ltr'><strong>homines</strong></span> 
     </span>
     <span class='ocr_line' id='line_1_7' title="bbox 190 1066 1185 1157; baseline 0 -23"><span class='ocrx_word' id='word_1_38' title='bbox 190 1068 277 1134; x_wconf 78' lang='lat' dir='ltr'><strong>Galli</strong></span> <span class='ocrx_word' id='word_1_39' title='bbox 306 1089 347 1132; x_wconf 85' lang='lat' dir='ltr'><strong>ex</strong></span> <span class='ocrx_word' id='word_1_40' title='bbox 379 1067 505 1132; x_wconf 78' lang='lat' dir='ltr'><strong>civitate</strong></span> <span class='ocrx_word' id='word_1_41' title='bbox 530 1066 609 1133; x_wconf 85' lang='lat' dir='ltr'><strong>mele</strong></span> <span class='ocrx_word' id='word_1_42' title='bbox 632 1083 767 1156; x_wconf 80' lang='lat' dir='ltr'><strong>pacato,</strong></span> <span class='ocrx_word' id='word_1_43' title='bbox 792 1091 872 1156; x_wconf 83' lang='lat' dir='ltr'><strong>quoe</strong></span> <span class='ocrx_word' id='word_1_44' title='bbox 897 1091 973 1157; x_wconf 81' lang='lat' dir='ltr'><strong>gens</strong></span> <span class='ocrx_word' id='word_1_45' title='bbox 997 1089 1057 1132; x_wconf 83' lang='lat' dir='ltr'><strong>uuo</strong></span> <span class='ocrx_word' id='word_1_46' title='bbox 1088 1081 1185 1134; x_wconf 84' lang='lat' dir='ltr'><strong>restu-</strong></span> 
     </span>
     <span class='ocr_line' id='line_1_8' title="bbox 192 1176 1182 1270; baseline 0 -22"><span class='ocrx_word' id='word_1_47' title='bbox 192 1183 268 1261; x_wconf 72' lang='lat' dir='ltr'><strong>bet,</strong></span> <span class='ocrx_word' id='word_1_48' title='bbox 296 1201 377 1270; x_wconf 78' lang='lat' dir='ltr'><strong>quae</strong></span> <span class='ocrx_word' id='word_1_49' title='bbox 399 1176 519 1270; x_wconf 88' lang='lat' dir='ltr'><strong>populo</strong></span> <span class='ocrx_word' id='word_1_50' title='bbox 542 1181 683 1247; x_wconf 78' lang='lat' dir='ltr'><strong>Romano</strong></span> <span class='ocrx_word' id='word_1_51' title='bbox 716 1181 833 1249; x_wconf 91' lang='lat' dir='ltr'><strong>bellum</strong></span> <span class='ocrx_word' id='word_1_52' title='bbox 857 1183 960 1248; x_wconf 86' lang='lat' dir='ltr'><strong>lucere</strong></span> <span class='ocrx_word' id='word_1_53' title='bbox 983 1197 1015 1246; x_wconf 90' lang='lat' dir='ltr'><strong>et</strong></span> <span class='ocrx_word' id='word_1_54' title='bbox 1038 1203 1128 1270; x_wconf 84' lang='lat' dir='ltr'><strong>posse</strong></span> <span class='ocrx_word' id='word_1_55' title='bbox 1150 1196 1182 1248; x_wconf 90' lang='lat' dir='ltr'><strong>et</strong></span> 
     </span>
     <span class='ocr_line' id='line_1_9' title="bbox 189 1292 1181 1384; baseline 0.002 -24"><span class='ocrx_word' id='word_1_56' title='bbox 189 1317 254 1360; x_wconf 88' lang='lat' dir='ltr'><strong>non</strong></span> <span class='ocrx_word' id='word_1_57' title='bbox 290 1293 375 1360; x_wconf 91' lang='lat' dir='ltr'><strong>nolle</strong></span> <span class='ocrx_word' id='word_1_58' title='bbox 410 1292 586 1372; x_wconf 83' lang='lat' dir='ltr'><strong>videretur,</strong></span> <span class='ocrx_word' id='word_1_59' title='bbox 609 1316 695 1384; x_wconf 87' lang='lat' dir='ltr'><strong>spem</strong></span> <span class='ocrx_word' id='word_1_60' title='bbox 720 1294 845 1384; x_wconf 88' lang='lat' dir='ltr'><strong>imperii</strong></span> <span class='ocrx_word' id='word_1_61' title='bbox 868 1307 899 1362; x_wconf 87' lang='lat' dir='ltr'><strong>et</strong></span> <span class='ocrx_word' id='word_1_62' title='bbox 923 1318 1029 1364; x_wconf 88' lang='lat' dir='ltr'><strong>rerum</strong></span> <span class='ocrx_word' id='word_1_63' title='bbox 1053 1295 1181 1384; x_wconf 81' lang='lat' dir='ltr'><strong>amplis·</strong></span> 
     </span>
     <span class='ocr_line' id='line_1_10' title="bbox 189 1405 1181 1496; baseline 0.003 -23"><span class='ocrx_word' id='word_1_64' title='bbox 189 1409 347 1474; x_wconf 71' lang='lat' dir='ltr'><strong>simarum</strong></span> <span class='ocrx_word' id='word_1_65' title='bbox 382 1405 466 1474; x_wconf 88' lang='lat' dir='ltr'><strong>ultro</strong></span> <span class='ocrx_word' id='word_1_66' title='bbox 500 1409 563 1476; x_wconf 85' lang='lat' dir='ltr'><strong>sibi</strong></span> <span class='ocrx_word' id='word_1_67' title='bbox 598 1431 615 1473; x_wconf 82' lang='lat' dir='ltr'>a</span> <span class='ocrx_word' id='word_1_68' title='bbox 648 1409 786 1496; x_wconf 81' lang='lat' dir='ltr'><strong>patriciis</strong></span> <span class='ocrx_word' id='word_1_69' title='bbox 825 1407 1006 1479; x_wconf 79' lang='lat' dir='ltr'><strong>hominibus</strong></span> <span class='ocrx_word' id='word_1_70' title='bbox 1043 1409 1181 1476; x_wconf 79' lang='lat' dir='ltr'><strong>oblatum</strong></span> 
     </span>
     <span class='ocr_line' id='line_1_11' title="bbox 190 1523 1180 1614; baseline 0.003 -26"><span class='ocrx_word' id='word_1_71' title='bbox 190 1523 410 1612; x_wconf 74' lang='lat' dir='ltr'><strong>negligerent,</strong></span> <span class='ocrx_word' id='word_1_72' title='bbox 434 1535 635 1612; x_wconf 18' lang='lat' dir='ltr'><strong>notitiamque</strong></span> <span class='ocrx_word' id='word_1_73' title='bbox 658 1523 791 1590; x_wconf 81' lang='lat' dir='ltr'><strong>sulutem</strong></span> <span class='ocrx_word' id='word_1_74' title='bbox 824 1528 887 1593; x_wconf 80' lang='lat' dir='ltr'><strong>suis</strong></span> <span class='ocrx_word' id='word_1_75' title='bbox 912 1525 1025 1611; x_wconf 83' lang='lat' dir='ltr'><strong>opibus</strong></span> <span class='ocrx_word' id='word_1_76' title='bbox 1050 1537 1180 1614; x_wconf 78' lang='lat' dir='ltr'><strong>autepo-</strong></span> 
     </span>
     <span class='ocr_line' id='line_1_12' title="bbox 191 1633 1182 1725; baseline 0.003 -25"><span class='ocrx_word' id='word_1_77' title='bbox 191 1649 321 1702; x_wconf 84' lang='lat' dir='ltr'><strong>nerent:</strong></span> <span class='ocrx_word' id='word_1_78' title='bbox 345 1633 380 1703; x_wconf 81' lang='lat' dir='ltr'><strong>id</strong></span> <span class='ocrx_word' id='word_1_79' title='bbox 402 1659 464 1702; x_wconf 79' lang='lat' dir='ltr'><strong>uon</strong></span> <span class='ocrx_word' id='word_1_80' title='bbox 488 1635 642 1705; x_wconf 73' lang='lat' dir='ltr'><strong>diriuitue</strong></span> <span class='ocrx_word' id='word_1_81' title='bbox 664 1638 784 1705; x_wconf 78' lang='lat' dir='ltr'><strong>loetum</strong></span> <span class='ocrx_word' id='word_1_82' title='bbox 807 1659 876 1704; x_wconf 80' lang='lat' dir='ltr'><strong>esse</strong></span> <span class='ocrx_word' id='word_1_83' title='bbox 897 1640 1067 1725; x_wconf 81' lang='lat' dir='ltr'><strong>putemus?</strong></span> <span class='ocrx_word' id='word_1_84' title='bbox 1092 1661 1182 1725; x_wconf 83' lang='lat' dir='ltr'><strong>pree·</strong></span> 
     </span>
     <span class='ocr_line' id='line_1_13' title="bbox 193 1751 1182 1842; baseline 0.002 -26"><span class='ocrx_word' id='word_1_85' title='bbox 193 1751 301 1816; x_wconf 82' lang='lat' dir='ltr'><strong>sertim</strong></span> <span class='ocrx_word' id='word_1_86' title='bbox 326 1751 385 1839; x_wconf 87' lang='lat' dir='ltr'><strong>qui</strong></span> <span class='ocrx_word' id='word_1_87' title='bbox 412 1773 468 1816; x_wconf 82' lang='lat' dir='ltr'><strong>nos</strong></span> <span class='ocrx_word' id='word_1_88' title='bbox 492 1775 553 1818; x_wconf 88' lang='lat' dir='ltr'><strong>nou</strong></span> <span class='ocrx_word' id='word_1_89' title='bbox 578 1752 763 1842; x_wconf 80' lang='lat' dir='ltr'><strong>pugnando,</strong></span> <span class='ocrx_word' id='word_1_90' title='bbox 795 1751 849 1817; x_wconf 78' lang='lat' dir='ltr'><strong>ned</strong></span> <span class='ocrx_word' id='word_1_91' title='bbox 874 1751 1007 1818; x_wconf 81' lang='lat' dir='ltr'><strong>tuoeudo</strong></span> <span class='ocrx_word' id='word_1_92' title='bbox 1036 1773 1182 1840; x_wconf 74' lang='lat' dir='ltr'><strong>superare</strong></span> 
     </span>
     <span class='ocr_line' id='line_1_14' title="bbox 200 1877 383 1952; baseline 0.022 -22"><span class='ocrx_word' id='word_1_93' title='bbox 200 1877 383 1952; x_wconf 81' lang='lat' dir='ltr'><strong>potnerunt.</strong></span> 
     </span>
    </p>
   </div>
   <div class='ocr_carea' id='block_1_3' title="bbox 193 2057 1306 2758">
    <p class='ocr_par' dir='ltr' id='par_1_3' title="bbox 193 2057 1306 2758">
     <span class='ocr_line' id='line_1_15' title="bbox 244 2057 1306 2178; baseline 0.002 -21"><span class='ocrx_word' id='word_1_94' title='bbox 244 2091 359 2159; x_wconf 73' lang='lat' dir='ltr'><strong>xxxt.</strong></span> <span class='ocrx_word' id='word_1_95' title='bbox 394 2097 466 2159; x_wconf 78' lang='lat' dir='ltr'><strong>tro.</strong></span> <span class='ocrx_word' id='word_1_96' title='bbox 504 2095 573 2178; x_wconf 80' lang='lat' dir='ltr'><strong>Quo</strong></span> <span class='ocrx_word' id='word_1_97' title='bbox 605 2095 614 2132; x_wconf 91' lang='lat'><strong>¹</strong></span> <span class='ocrx_word' id='word_1_98' title='bbox 651 2095 745 2158; x_wconf 84' lang='lat' dir='ltr'><strong>etiem</strong></span> <span class='ocrx_word' id='word_1_99' title='bbox 778 2093 897 2161; x_wconf 77' lang='lat' dir='ltr'><strong>maiore</strong></span> <span class='ocrx_word' id='word_1_100' title='bbox 924 2106 1011 2159; x_wconf 78' lang='lat' dir='ltr'><strong>erunt</strong></span> <span class='ocrx_word' id='word_1_101' title='bbox 1035 2093 1088 2160; x_wconf 82' lang='lat' dir='ltr'><strong>isti</strong></span> <span class='ocrx_word' id='word_1_102' title='bbox 1112 2091 1183 2160; x_wconf 91' lang='lat' dir='ltr'><strong>odio</strong></span> <span class='ocrx_word' id='word_1_103' title='bbox 1274 2095 1275 2100; x_wconf 72' lang='grc'>’</span> <span class='ocrx_word' id='word_1_104' title='bbox 1304 2057 1306 2075; x_wconf 46' lang='grc' dir='ltr'>Ι</span> 
     </span>
     <span class='ocr_line' id='line_1_16' title="bbox 197 2205 1183 2298; baseline 0.004 -30"><span class='ocrx_word' id='word_1_105' title='bbox 197 2207 419 2297; x_wconf 81' lang='lat' dir='ltr'><strong>supplicioque</strong></span> <span class='ocrx_word' id='word_1_106' title='bbox 452 2207 561 2297; x_wconf 78' lang='lat' dir='ltr'><strong>digni,</strong></span> <span class='ocrx_word' id='word_1_107' title='bbox 594 2210 649 2298; x_wconf 92' lang='lat' dir='ltr'><strong>qui</strong></span> <span class='ocrx_word' id='word_1_108' title='bbox 680 2231 743 2273; x_wconf 88' lang='lat' dir='ltr'><strong>non</strong></span> <span class='ocrx_word' id='word_1_109' title='bbox 768 2209 871 2276; x_wconf 87' lang='lat' dir='ltr'><strong>solum</strong></span> <span class='ocrx_word' id='word_1_110' title='bbox 896 2205 1058 2274; x_wconf 89' lang='lat' dir='ltr'><strong>homiuum</strong></span> <span class='ocrx_word' id='word_1_111' title='bbox 1082 2207 1183 2274; x_wconf 88' lang='lat' dir='ltr'><strong>domi-</strong></span> 
     </span>
     <span class='ocr_line' id='line_1_17' title="bbox 195 2321 1183 2413; baseline 0.006 -28"><span class='ocrx_word' id='word_1_112' title='bbox 195 2321 276 2388; x_wconf 80' lang='lat' dir='ltr'><strong>ciliis</strong></span> <span class='ocrx_word' id='word_1_113' title='bbox 309 2336 406 2411; x_wconf 81' lang='lat' dir='ltr'><strong>ntque</strong></span> <span class='ocrx_word' id='word_1_114' title='bbox 430 2323 540 2406; x_wconf 84' lang='lat' dir='ltr'><strong>tectis,</strong></span> <span class='ocrx_word' id='word_1_115' title='bbox 573 2324 627 2388; x_wconf 88' lang='lat' dir='ltr'><strong>sed</strong></span> <span class='ocrx_word' id='word_1_116' title='bbox 657 2326 753 2388; x_wconf 83' lang='lat' dir='ltr'><strong>etiam</strong></span> <span class='ocrx_word' id='word_1_117' title='bbox 784 2321 914 2390; x_wconf 91' lang='lat' dir='ltr'><strong>deorum</strong></span> <span class='ocrx_word' id='word_1_118' title='bbox 939 2323 1065 2412; x_wconf 86' lang='lat' dir='ltr'><strong>templis</strong></span> <span class='ocrx_word' id='word_1_119' title='bbox 1088 2336 1183 2413; x_wconf 83' lang='lat' dir='ltr'><strong>etque</strong></span> 
     </span>
     <span class='ocr_line' id='line_1_18' title="bbox 194 2434 1182 2526; baseline 0.005 -26"><span class='ocrx_word' id='word_1_120' title='bbox 194 2434 339 2500; x_wconf 85' lang='lat' dir='ltr'><strong>delubris</strong></span> <span class='ocrx_word' id='word_1_121' title='bbox 360 2449 435 2501; x_wconf 85' lang='lat' dir='ltr'><strong>suut</strong></span> <span class='ocrx_word' id='word_1_122' title='bbox 460 2438 598 2502; x_wconf 84' lang='lat' dir='ltr'><strong>funestos</strong></span> <span class='ocrx_word' id='word_1_123' title='bbox 615 2459 652 2501; x_wconf 84' lang='lat' dir='ltr'><strong>oe</strong></span> <span class='ocrx_word' id='word_1_124' title='bbox 666 2438 799 2503; x_wconf 80' lang='lat' dir='ltr'><strong>nefarios</strong></span> <span class='ocrx_word' id='word_1_125' title='bbox 823 2437 907 2526; x_wconf 79' lang='lat' dir='ltr'><strong>ignes</strong></span> <span class='ocrx_word' id='word_1_126' title='bbox 923 2437 1040 2504; x_wconf 85' lang='lat' dir='ltr'><strong>inferre</strong></span> <span class='ocrx_word' id='word_1_127' title='bbox 1069 2441 1182 2505; x_wconf 74' lang='lat' dir='ltr'><strong>eonati.</strong></span> 
     </span>
     <span class='ocr_line' id='line_1_19' title="bbox 194 2549 1183 2638; baseline 0.006 -25"><span class='ocrx_word' id='word_1_128' title='bbox 194 2549 321 2635; x_wconf 77' lang='lat' dir='ltr'><strong>Quibus</strong></span> <span class='ocrx_word' id='word_1_129' title='bbox 344 2571 402 2638; x_wconf 73' lang='lat' dir='ltr'><strong>ego</strong></span> <span class='ocrx_word' id='word_1_130' title='bbox 425 2551 451 2616; x_wconf 84' lang='lat' dir='ltr'><strong>si</strong></span> <span class='ocrx_word' id='word_1_131' title='bbox 474 2573 523 2616; x_wconf 89' lang='lat' dir='ltr'><strong>me</strong></span> <span class='ocrx_word' id='word_1_132' title='bbox 547 2552 702 2618; x_wconf 83' lang='lat' dir='ltr'><strong>restitisse</strong></span> <span class='ocrx_word' id='word_1_133' title='bbox 723 2551 847 2634; x_wconf 80' lang='lat' dir='ltr'><strong>dicam,</strong></span> <span class='ocrx_word' id='word_1_134' title='bbox 873 2551 1006 2631; x_wconf 86' lang='lat' dir='ltr'><strong>nimium</strong></span> <span class='ocrx_word' id='word_1_135' title='bbox 1030 2550 1108 2616; x_wconf 87' lang='lat' dir='ltr'><strong>mihi</strong></span> <span class='ocrx_word' id='word_1_136' title='bbox 1132 2576 1183 2618; x_wconf 88' lang='lat' dir='ltr'><strong>su·</strong></span> 
     </span>
     <span class='ocr_line' id='line_1_20' title="bbox 193 2665 1180 2758; baseline 0.006 -30"><span class='ocrx_word' id='word_1_137' title='bbox 193 2687 295 2744; x_wconf 78' lang='lat' dir='ltr'><strong>mam,</strong></span> <span class='ocrx_word' id='word_1_138' title='bbox 320 2676 352 2728; x_wconf 85' lang='lat' dir='ltr'><strong>et</strong></span> <span class='ocrx_word' id='word_1_139' title='bbox 376 2685 437 2732; x_wconf 89' lang='lat' dir='ltr'><strong>oon</strong></span> <span class='ocrx_word' id='word_1_140' title='bbox 459 2667 520 2730; x_wconf 49' lang='lat' dir='ltr'><strong>¹situ</strong></span> <span class='ocrx_word' id='word_1_141' title='bbox 546 2667 708 2732; x_wconf 79' lang='lat' dir='ltr'><strong>ferendus:</strong></span> <span class='ocrx_word' id='word_1_142' title='bbox 732 2667 797 2748; x_wconf 88' lang='lat' dir='ltr'><strong>ille,</strong></span> <span class='ocrx_word' id='word_1_143' title='bbox 822 2665 876 2732; x_wconf 93' lang='lat' dir='ltr'><strong>ille</strong></span> <span class='ocrx_word' id='word_1_144' title='bbox 894 2667 1017 2758; x_wconf 85' lang='lat' dir='ltr'><strong>Iupiter</strong></span> <span class='ocrx_word' id='word_1_145' title='bbox 1047 2667 1180 2734; x_wconf 81' lang='lat' dir='ltr'><strong>restitit:</strong></span> 
     </span>
    </p>
   </div>
   <div class='ocr_carea' id='block_1_4' title="bbox 194 2777 1305 2870">
    <p class='ocr_par' dir='ltr' id='par_1_4' title="bbox 194 2777 1305 2870">
     <span class='ocr_line' id='line_1_21' title="bbox 194 2777 1305 2870; baseline 0.003 -28"><span class='ocrx_word' id='word_1_146' title='bbox 194 2777 249 2844; x_wconf 86' lang='lat' dir='ltr'><strong>ille</strong></span> <span class='ocrx_word' id='word_1_147' title='bbox 275 2777 488 2868; x_wconf 77' lang='lat' dir='ltr'><strong>Capitolium,</strong></span> <span class='ocrx_word' id='word_1_148' title='bbox 517 2779 569 2844; x_wconf 88' lang='lat' dir='ltr'><strong>ille</strong></span> <span class='ocrx_word' id='word_1_149' title='bbox 592 2777 671 2846; x_wconf 84' lang='lat' dir='ltr'><strong>bueo</strong></span> <span class='ocrx_word' id='word_1_150' title='bbox 696 2779 834 2870; x_wconf 79' lang='lat' dir='ltr'><strong>temple,</strong></span> <span class='ocrx_word' id='word_1_151' title='bbox 869 2779 923 2844; x_wconf 90' lang='lat' dir='ltr'><strong>ille</strong></span> <span class='ocrx_word' id='word_1_152' title='bbox 949 2779 1030 2844; x_wconf 83' lang='lat' dir='ltr'><strong>huno</strong></span> <span class='ocrx_word' id='word_1_153' title='bbox 1052 2779 1182 2861; x_wconf 87' lang='lat' dir='ltr'><strong>urbem,</strong></span> <span class='ocrx_word' id='word_1_154' title='bbox 1302 2859 1305 2865; x_wconf 15' lang='grc' dir='ltr'><strong>Δ</strong></span> 
     </span>
    </p>
   </div>
   <div class='ocr_carea' id='block_1_5' title="bbox 191 2892 1185 3440">
    <p class='ocr_par' dir='ltr' id='par_1_5' title="bbox 191 2892 1185 3440">
     <span class='ocr_line' id='line_1_22' title="bbox 194 2892 1184 2982; baseline 0.002 -26"><span class='ocrx_word' id='word_1_155' title='bbox 194 2893 250 2958; x_wconf 85' lang='lat' dir='ltr'><strong>ille</strong></span> <span class='ocrx_word' id='word_1_156' title='bbox 275 2892 361 2957; x_wconf 83' lang='lat' dir='ltr'><strong>eires</strong></span> <span class='ocrx_word' id='word_1_157' title='bbox 385 2916 493 2960; x_wconf 86' lang='lat' dir='ltr'><strong>omues</strong></span> <span class='ocrx_word' id='word_1_158' title='bbox 516 2893 616 2960; x_wconf 79' lang='lat' dir='ltr'><strong>salros</strong></span> <span class='ocrx_word' id='word_1_159' title='bbox 638 2916 705 2962; x_wconf 85' lang='lat' dir='ltr'><strong>esse</strong></span> <span class='ocrx_word' id='word_1_160' title='bbox 729 2893 839 2958; x_wconf 77' lang='lat' dir='ltr'><strong>noluit.</strong></span> <span class='ocrx_word' id='word_1_161' title='bbox 888 2892 955 2958; x_wconf 91' lang='lat' dir='ltr'><strong>lliis</strong></span> <span class='ocrx_word' id='word_1_162' title='bbox 978 2915 1035 2982; x_wconf 82' lang='lat' dir='ltr'><strong>ego</strong></span> <span class='ocrx_word' id='word_1_163' title='bbox 1057 2893 1184 2960; x_wconf 89' lang='lat' dir='ltr'><strong>immor·</strong></span> 
     </span>
     <span class='ocr_line' id='line_1_23' title="bbox 194 3005 1185 3097; baseline 0.004 -25"><span class='ocrx_word' id='word_1_164' title='bbox 194 3007 316 3072; x_wconf 78' lang='lat' dir='ltr'><strong>talibus</strong></span> <span class='ocrx_word' id='word_1_165' title='bbox 347 3005 484 3078; x_wconf 75' lang='lat' dir='ltr'><strong>ducibus</strong></span> <span class='ocrx_word' id='word_1_166' title='bbox 520 3007 602 3076; x_wconf 82' lang='lat' dir='ltr'><strong>bene</strong></span> <span class='ocrx_word' id='word_1_167' title='bbox 634 3021 793 3087; x_wconf 85' lang='lat' dir='ltr'><strong>merrtem,</strong></span> <span class='ocrx_word' id='word_1_168' title='bbox 826 3006 1086 3097; x_wconf 75' lang='lat' dir='ltr'><strong>voluntatemque</strong></span> <span class='ocrx_word' id='word_1_169' title='bbox 1118 3031 1185 3076; x_wconf 87' lang='lat' dir='ltr'><strong>sus·</strong></span> 
     </span>
     <span class='ocr_line' id='line_1_24' title="bbox 193 3121 1182 3213; baseline 0.005 -27"><span class='ocrx_word' id='word_1_170' title='bbox 193 3121 290 3210; x_wconf 84' lang='lat' dir='ltr'><strong>cepi,</strong></span> <span class='ocrx_word' id='word_1_171' title='bbox 317 3133 411 3212; x_wconf 80' lang='lat' dir='ltr'><strong>utque</strong></span> <span class='ocrx_word' id='word_1_172' title='bbox 434 3125 475 3190; x_wconf 81' lang='lat' dir='ltr'><strong>ud</strong></span> <span class='ocrx_word' id='word_1_173' title='bbox 498 3123 576 3190; x_wconf 79' lang='lat' dir='ltr'><strong>haee</strong></span> <span class='ocrx_word' id='word_1_174' title='bbox 595 3135 679 3190; x_wconf 78' lang='lat' dir='ltr'><strong>teuta</strong></span> <span class='ocrx_word' id='word_1_175' title='bbox 694 3121 810 3188; x_wconf 72' lang='lat' dir='ltr'><strong>indicio</strong></span> <span class='ocrx_word' id='word_1_176' title='bbox 825 3125 966 3213; x_wconf 84' lang='lat' dir='ltr'><strong>perreni.</strong></span> <span class='ocrx_word' id='word_1_177' title='bbox 1014 3128 1086 3190; x_wconf 85' lang='lat'>119.</span> <span class='ocrx_word' id='word_1_178' title='bbox 1111 3125 1182 3190; x_wconf 72' lang='grc' dir='ltr'><strong>ΕΗ</strong></span> 
     </span>
     <span class='ocr_line' id='line_1_25' title="bbox 191 3235 1182 3328; baseline 0.004 -28"><span class='ocrx_word' id='word_1_179' title='bbox 191 3235 338 3300; x_wconf 85' lang='lat' dir='ltr'><strong>libenter</strong></span> <span class='ocrx_word' id='word_1_180' title='bbox 362 3236 489 3324; x_wconf 86' lang='lat' dir='ltr'><strong>quidem</strong></span> <span class='ocrx_word' id='word_1_181' title='bbox 512 3259 620 3304; x_wconf 80' lang='lat' dir='ltr'><strong>uersus</strong></span> <span class='ocrx_word' id='word_1_182' title='bbox 642 3237 792 3320; x_wconf 91' lang='lat' dir='ltr'><strong>memini,</strong></span> <span class='ocrx_word' id='word_1_183' title='bbox 824 3260 905 3328; x_wconf 80' lang='lat' dir='ltr'><strong>quoe</strong></span> <span class='ocrx_word' id='word_1_184' title='bbox 926 3239 960 3304; x_wconf 91' lang='lat' dir='ltr'><strong>in</strong></span> <span class='ocrx_word' id='word_1_185' title='bbox 983 3237 1121 3304; x_wconf 81' lang='lat' dir='ltr'><strong>seeundo</strong></span> <span class='ocrx_word' id='word_1_186' title='bbox 1144 3237 1182 3304; x_wconf 89' lang='lat' dir='ltr'><strong>de</strong></span> 
     </span>
     <span class='ocr_line' id='line_1_26' title="bbox 192 3345 861 3440; baseline 0 -24"><span class='ocrx_word' id='word_1_187' title='bbox 192 3345 374 3416; x_wconf 75' lang='lat' dir='ltr'><strong>Consulatu</strong></span> <span class='ocrx_word' id='word_1_188' title='bbox 402 3349 518 3416; x_wconf 82' lang='lat' dir='ltr'><strong>Ureuin</strong></span> <span class='ocrx_word' id='word_1_189' title='bbox 545 3374 632 3417; x_wconf 77' lang='lat' dir='ltr'><strong>muso</strong></span> <span class='ocrx_word' id='word_1_190' title='bbox 658 3352 861 3440; x_wconf 79' lang='lat' dir='ltr'><strong>pronuntiet:</strong></span> 
     </span>
    </p>
   </div>
   <div class='ocr_carea' id='block_1_6' title="bbox 279 3529 1161 3926">
    <p class='ocr_par' dir='ltr' id='par_1_6' title="bbox 279 3529 1161 3926">
     <span class='ocr_line' id='line_1_27' title="bbox 323 3529 989 3592; baseline -0.003 -2"><span class='ocrx_word' id='word_1_191' title='bbox 323 3529 426 3590; x_wconf 78' lang='lat' dir='ltr'><strong>Omnia</strong></span> <span class='ocrx_word' id='word_1_192' title='bbox 447 3533 504 3590; x_wconf 81' lang='lat' dir='ltr'><strong>inm</strong></span> <span class='ocrx_word' id='word_1_193' title='bbox 524 3550 622 3592; x_wconf 76' lang='lat' dir='ltr'><strong>cernes</strong></span> <span class='ocrx_word' id='word_1_194' title='bbox 643 3529 740 3590; x_wconf 80' lang='lat' dir='ltr'><strong>divino</strong></span> <span class='ocrx_word' id='word_1_195' title='bbox 761 3539 857 3592; x_wconf 86' lang='lat' dir='ltr'><strong>mente</strong></span> <span class='ocrx_word' id='word_1_196' title='bbox 877 3537 989 3590; x_wconf 79' lang='lat' dir='ltr'><strong>notetur</strong></span> 
     </span>
     <span class='ocr_line' id='line_1_28' title="bbox 279 3633 1161 3716; baseline 0.001 -22"><span class='ocrx_word' id='word_1_197' title='bbox 279 3633 356 3696; x_wconf 80' lang='lat' dir='ltr'><strong>Nem</strong></span> <span class='ocrx_word' id='word_1_198' title='bbox 378 3641 503 3716; x_wconf 76' lang='lat' dir='ltr'><strong>primunt</strong></span> <span class='ocrx_word' id='word_1_199' title='bbox 525 3648 664 3696; x_wconf 71' lang='lat' dir='ltr'><strong>notrorum</strong></span> <span class='ocrx_word' id='word_1_200' title='bbox 685 3637 829 3714; x_wconf 74' lang='lat' dir='ltr'><strong>volueres,</strong></span> <span class='ocrx_word' id='word_1_201' title='bbox 848 3647 875 3697; x_wconf 90' lang='lat' dir='ltr'><strong>te</strong></span> <span class='ocrx_word' id='word_1_202' title='bbox 897 3636 1030 3712; x_wconf 78' lang='lat' dir='ltr'><strong>consule,</strong></span> <span class='ocrx_word' id='word_1_203' title='bbox 1052 3645 1161 3708; x_wconf 83' lang='lat' dir='ltr'><strong>motus,</strong></span> 
     </span>
     <span class='ocr_line' id='line_1_29' title="bbox 279 3739 1067 3826; baseline 0 -26"><span class='ocrx_word' id='word_1_204' title='bbox 279 3739 500 3825; x_wconf 73' lang='lat' dir='ltr'><strong>Concursusque</strong></span> <span class='ocrx_word' id='word_1_205' title='bbox 521 3765 619 3826; x_wconf 75' lang='lat' dir='ltr'><strong>grater</strong></span> <span class='ocrx_word' id='word_1_206' title='bbox 639 3742 787 3804; x_wconf 72' lang='lat' dir='ltr'><strong>stellarum</strong></span> <span class='ocrx_word' id='word_1_207' title='bbox 807 3743 906 3804; x_wconf 76' lang='lat' dir='ltr'><strong>ardore</strong></span> <span class='ocrx_word' id='word_1_208' title='bbox 929 3746 1067 3802; x_wconf 73' lang='lat' dir='ltr'><strong>micantes</strong></span> 
     </span>
     <span class='ocr_line' id='line_1_30' title="bbox 281 3849 991 3926; baseline 0.003 -20"><span class='ocrx_word' id='word_1_209' title='bbox 281 3849 388 3911; x_wconf 77' lang='lat' dir='ltr'><strong>Vidisti</strong></span> <span class='ocrx_word' id='word_1_210' title='bbox 397 3895 407 3926; x_wconf 94' lang='lat'><em>,</em></span> <span class='ocrx_word' id='word_1_211' title='bbox 428 3863 456 3910; x_wconf 90' lang='lat' dir='ltr'><strong>et</strong></span> <span class='ocrx_word' id='word_1_212' title='bbox 477 3851 552 3910; x_wconf 82' lang='lat' dir='ltr'><strong>claro</strong></span> <span class='ocrx_word' id='word_1_213' title='bbox 573 3850 710 3911; x_wconf 85' lang='lat' dir='ltr'><strong>tremulon</strong></span> <span class='ocrx_word' id='word_1_214' title='bbox 730 3851 829 3910; x_wconf 77' lang='lat' dir='ltr'><strong>ardore</strong></span> <span class='ocrx_word' id='word_1_215' title='bbox 849 3863 991 3920; x_wconf 62' lang='lat' dir='ltr'><strong>cometam</strong></span> 
     </span>
    </p>
   </div>
   <div class='ocr_carea' id='block_1_7' title="bbox 197 4013 377 4028">
    <p class='ocr_par' dir='ltr' id='par_1_7' title="bbox 197 4013 377 4028">
     <span class='ocr_line' id='line_1_31' title="bbox 197 4013 377 4028; baseline 0.011 -6"><span class='ocrx_word' id='word_1_216' title='bbox 197 4013 377 4028; x_wconf 71' lang='lat'><strong>......--—-</strong></span> 
     </span>
    </p>
   </div>
   <div class='ocr_carea' id='block_1_8' title="bbox 230 4103 993 4172">
    <p class='ocr_par' dir='ltr' id='par_1_8' title="bbox 230 4103 993 4172">
     <span class='ocr_line' id='line_1_32' title="bbox 230 4103 993 4172; baseline 0 -20"><span class='ocrx_word' id='word_1_217' title='bbox 230 4107 257 4168; x_wconf 82' lang='lat'><strong>¹)</strong></span> <span class='ocrx_word' id='word_1_218' title='bbox 277 4104 338 4154; x_wconf 81' lang='lat' dir='ltr'><strong>lbirl.</strong></span> <span class='ocrx_word' id='word_1_219' title='bbox 356 4121 378 4156; x_wconf 88' lang='lat' dir='ltr'><strong>o.</strong></span> <span class='ocrx_word' id='word_1_220' title='bbox 396 4104 421 4154; x_wconf 83' lang='lat'><strong>9.</strong></span> <span class='ocrx_word' id='word_1_221' title='bbox 435 4107 448 4171; x_wconf 55' lang='grc' dir='ltr'>ᾗ</span> <span class='ocrx_word' id='word_1_222' title='bbox 464 4103 508 4158; x_wconf 71' lang='lat'><strong>22.</strong></span> <span class='ocrx_word' id='word_1_223' title='bbox 526 4135 557 4145; x_wconf 91' lang='lat'><em>-</em></span> <span class='ocrx_word' id='word_1_224' title='bbox 577 4105 603 4172; x_wconf 85' lang='lat'><strong>²)</strong></span> <span class='ocrx_word' id='word_1_225' title='bbox 620 4105 648 4154; x_wconf 85' lang='lat' dir='ltr'><strong>tle</strong></span> <span class='ocrx_word' id='word_1_226' title='bbox 667 4105 765 4155; x_wconf 72' lang='lat' dir='ltr'><strong>nivino.</strong></span> <span class='ocrx_word' id='word_1_227' title='bbox 784 4109 801 4155; x_wconf 90' lang='lat' dir='ltr'><strong>l.</strong></span> <span class='ocrx_word' id='word_1_228' title='bbox 820 4120 841 4156; x_wconf 86' lang='lat' dir='ltr'><strong>n.</strong></span> <span class='ocrx_word' id='word_1_229' title='bbox 861 4105 901 4154; x_wconf 89' lang='lat' dir='ltr'><strong>ll.</strong></span> <span class='ocrx_word' id='word_1_230' title='bbox 918 4105 931 4170; x_wconf 52' lang='grc' dir='ltr'><em>ᾗ</em></span> <span class='ocrx_word' id='word_1_231' title='bbox 949 4103 993 4153; x_wconf 82' lang='lat' dir='ltr'><strong>lt.</strong></span> 
     </span>
    </p>
   </div>
   <div class='ocr_carea' id='block_1_9' title="bbox 0 0 1439 4894">
    <p class='ocr_par' dir='ltr' id='par_1_9' title="bbox 0 0 1439 4894">
     <span class='ocr_line' id='line_1_33' title="bbox 0 0 1439 4894; baseline 0 0"><span class='ocrx_word' id='word_1_232' title='bbox 0 0 1439 4894; x_wconf 95' lang='lat' dir='ltr'><strong> </strong></span> 
     </span>
    </p>
   </div>
  </div>
 </body>
</html>
