2940 4920
758 341 897 426 at'

284 559 387 648 Maon
398 562 516 644 μωροῦ
535 557 586 622 mi
597 557 655 620 rori
667 553 851 639 Φαληρικοῦ.
888 547 994 630 Quam
1010 541 1101 609 facile
1117 541 1260 609 exciam

282 663 436 763 intuerit,
448 673 585 738 inter-ae
603 683 634 733 et
649 670 781 755 μακροῦ
797 663 952 754 positum,
969 659 1193 748 unusquisque
1209 657 1260 722 vi-

282 789 345 852 det.
369 785 477 874 Atque
493 785 553 864 ita,
571 779 660 871 quod
675 780 869 857 maximum,
886 772 972 842 salva
987 773 1082 840 nohis
1094 770 1262 862 Thucydi·

283 901 331 966 dis
351 917 381 965 et
393 899 469 964 fides
486 915 516 963 et
532 919 618 962 cura.
630 931 674 948 -·
687 893 803 982 Neque
817 891 915 980 huius
934 901 1077 968 tantum,
1094 885 1262 952 sedetiam

284 1012 435 1094 Platonis,
454 1009 617 1076 Plutarchi
633 1025 666 1076 et
681 1005 941 1097 Harpocraiionia
952 1003 1124 1070 sententiae
1136 1016 1219 1066 reete
1228 1021 1262 1065 oe

284 1127 415 1194 habant.
435 1127 526 1192 Patet
542 1123 645 1204 enim,
662 1124 698 1192 ao*
706 1119 822 1211 μωιρᾶν
833 1113 946 1206 atim,
956 1114 1055 1207 ⁴titiod
1071 1111 1263 1180 Plutarchus

284 1245 319 1309 in
332 1245 387 1307 vit.
399 1237 511 1305 Pericl.
523 1253 688 1318 memorat,
700 1233 840 1301 eundem
850 1255 983 1298 murum
994 1251 1058 1296 eaeo
1069 1245 1165 1318 rupae
1175 1248 1263 1308 eum,

284 1377 383 1444 quem
402 1352 486 1420 idem
503 1349 601 1422 altero
614 1349 654 1414 de
666 1346 721 1414 Gl.
734 1345 853 1413 Athen.
864 1343 935 1410 loeo
945 1343 982 1416 εδ
991 1341 1044 1424 διὰ
1058 1343 1154 1428 μέσου
1166 1351 1268 1430 τεῖχος

285 1466 471 1562 appellarim
489 1465 606 1556 μακρὰν
623 1480 730 1530 autem
748 1459 920 1552 appellavit
936 1481 974 1526 ex
991 1481 1080 1524 more
1089 1455 1266 1545 iliopoeto·
1312 1449 1322 1468 ⁶

286 1585 378 1662 riore,
397 1581 513 1670 dequo
526 1579 673 1644 diximus.
692 1575 789 1659 Quod
800 1591 907 1640 autem
918 1573 1003 1640 idem
1013 1572 1049 1642 τᾶ
1061 1574 1116 1640 tro
1126 1571 1222 1657 pinon
1233 1585 1268 1636 et

285 1695 385 1766 νότιον
396 1696 562 1775 diceretur,
575 1692 695 1758 factum
706 1707 888 1782 propterea,
901 1687 1006 1778 quod,
1024 1689 1050 1752 si
1062 1687 1102 1751 de
1113 1683 1267 1750 alterutro

287 1833 456 1876 murorum
482 1809 678 1874 Piraicorum
705 1807 825 1872 montio
850 1802 1098 1881 faciendarum,
1122 1821 1268 1866 neeessa-

288 1925 334 1988 rio
359 1923 433 1988 addi
457 1919 610 2002 debebat,
634 1945 700 2009 qua
722 1936 814 2009 parte
834 1916 960 1983 eoelum
978 1929 1145 2004 speotarot3
1157 1917 1206 1978 ein
1226 1913 1269 1979 de

288 2035 416 2102 australi
434 2051 577 2113 tantum,
596 2031 710 2097 licebat
727 2049 783 2097 aut
801 2029 897 2096 solius
907 2032 1042 2118 βορείου,
1061 2043 1116 2092 aut
1126 2027 1224 2115 hujus
1235 2045 1270 2092 et

289 2147 444 2214 Phalerioi
464 2149 549 2212 muri
568 2147 723 2210 rationem
734 2143 863 2209 hahere.
888 2141 1039 2210 Ceterum
1054 2165 1138 2224 non,
1156 2157 1194 2206 ut
1212 2140 1270 2204 Pi·

291 2263 366 2327 raioi
378 2263 479 2342 muri,
492 2261 686 2349 antiquiores
697 2261 782 2324 muri
794 2257 898 2350 longi,
911 2255 981 2347 post
993 2281 1021 2322 a.
1036 2257 1102 2322 itt
1115 2253 1271 2338 absoluti,

288 2369 403 2462 βόρειον
416 2389 446 2438 et
457 2371 554 2442 νότιον
565 2369 715 2460 appellati
727 2370 821 2438 fuisso
833 2393 869 2436 eo
882 2373 949 2460 ipso
961 2369 1271 2460 temporovidentur,

290 2512 414 2568 verram,
421 2489 544 2576 quoties
551 2463 838 2575 distinetioneopus¹
844 2481 921 2566 erat,
928 2483 1135 2554 dicebaturrri
1145 2488 1187 2564 εἰς
1195 2489 1272 2551 Πει-

290 2607 373 2687 ραιᾶ,
385 2617 441 2665 aut
452 2595 679 2688 τὸΦαληρόνδε,
695 2615 733 2663 ut
739 2598 945 2689 Thucydides
957 2596 1090 2676 indicat3
1105 2597 1189 2663 ethis
1196 2599 1273 2686 ipsis

290 2713 527 2804 antiquioribus
537 2715 639 2778 muris
656 2736 775 2778 nomen
788 2711 882 2778 fuisse
893 2713 1001 2801 σκέλη,
1013 2731 1183 2776 commune
1195 2733 1273 2775 oum

292 2845 431 2917 uimque
444 2828 579 2908 Piraico,
592 2823 783 2892 Plutarchus
796 2829 830 2891 in
843 2829 907 2892 vita
919 2825 1061 2890 Cimonis
1073 2842 1104 2890 et
1114 2823 1272 2916 Lysandri

292 2963 321 3004 o.
331 2942 371 3004 tt
388 2939 500 3006 diserte
512 2937 1274 3032 signifieat—TandemquidScholiastaoverbis

292 3052 476 3120 iaciendum
499 3056 554 3134 sit,
579 3055 752 3127 videamus.
782 3053 881 3143 Saepe
907 3051 1027 3118 factum
1051 3053 1216 3132 novimus,
1234 3069 1275 3116 ut

293 3165 411 3232 scholia
423 3167 532 3234 brevia
548 3167 746 3234 diversorum
758 3169 968 3256 interpretum
979 3168 1036 3231 uni
1045 3165 1173 3231 cuidam
1180 3163 1275 3230 scho-
1344 3238 1348 3247 Ι

293 3279 400 3346 iiastae
418 3277 653 3361 tribuerentur3
668 3283 757 3375 quod
771 3299 876 3348 tamen
892 3279 1034 3347 hocloco
1046 3305 1112 3347 non
1127 3279 1276 3356 occidisse

293 3415 416 3460 censeo.
447 3393 584 3460 Gravior
601 3393 654 3458 hie
672 3412 717 3462 est
730 3417 828 3475 error,
843 3393 986 3482 conflatis
1000 3395 1121 3484 quippe
1135 3393 1276 3459 diversa-

296 3531 369 3573 rom
397 3529 506 3573 rerum
532 3503 806 3594 explicationibus.
839 3509 924 3573 Nam
947 3507 988 3573 ad
1009 3507 1145 3600 Gorgiae
1166 3506 1276 3572 locum

295 3621 432 3702 imtinet
453 3617 627 3684 scholium:
646 3619 699 3686 (itti
713 3619 810 3702 μέσον
829 3626 928 3705 τεῖχος
947 3617 1022 3706 λέγει
1036 3617 1055 3686 ὃ
1074 3623 1124 3686 καὶ
1136 3627 1207 3708 ἄχρι
1221 3625 1280 3686 rain

294 3737 376 3800 ioan
386 3729 555 3800 ἒνῊλᾶδι·
571 3727 780 3818 reliqna'vero
788 3727 1277 3822 nullaexparteeumattirtgunt

295 3839 482 3907 scholiastes
494 3841 570 3922 duo,
581 3865 664 3933 quae
678 3844 901 3934 distinguenda
916 3861 1016 3926 orant,
1033 3847 1153 3934 posuit,
1172 3846 1209 3914 ro*
1224 3848 1281 3914 tre

295 3951 392 4038 μέσον
410 3955 509 4038 τεῖχος
532 3971 563 4019 ot
581 3954 618 4023 tri
641 3955 734 4038 μέσον
759 3964 864 4043 τεῖχος.
897 3955 1009 4047 Itaque
1029 3979 1154 4026 necesso
1171 3973 1218 4022 ost
1240 3975 1280 4022 ut

296 4079 428 4152 oteramo
441 4063 494 4130 hio
508 4064 704 4156 iritdligatur
717 4091 841 4148 murus,
856 4072 888 4134 in
905 4068 1280 4162 Munychia'ex'struotua‚
