2976 4900
715 331 753 392 ii

240 533 278 583 ct
294 519 399 608 γραφή
410 517 816 613 negligentor'pormiroet,
838 545 899 590 noc
913 525 1033 590 mentio
1052 529 1115 594 coir
1132 549 1225 610 νομο-

243 631 399 720 potuim
421 629 531 718 societ,
570 651 609 702 nt
643 633 809 704 credamus
843 635 919 704 tolca
951 635 1225 710 hominesiuisao

242 743 392 812 Athenis.
434 747 501 818 Sed
527 748 606 815 hacc
632 765 702 818 tuto
727 749 831 844 colligi
854 773 944 842 posse
965 752 1131 832 videntur,
1155 775 1224 818 non

241 854 380 923 furiosos
402 875 529 928 tantum
550 862 612 929 hac
633 853 756 932 ac'tion'e
778 867 854 954 poti,
875 861 931 932 scd
945 865 1095 958 prodigos
1111 863 1223 942 etiam}
1258 856 1264 878 ⁸

242 969 1112 1067 atqarohuncessepmectpuamactionis.finem-2nam
1121 999 1225 1068 ροοοα

242 1084 374 1174 proprie
396 1087 441 1152 sic
462 1087 546 1153 dicta
567 1112 607 1156 ex
628 1091 727 1180 ipsius
750 1093 796 1157 rei
816 1107 933 1158 nonna
953 1089 1063 1158 locum
1077 1113 1145 1157 non
1163 1089 1225 1157 ha·

242 1195 400 1264 bct-ut
409 1199 621 1268 condemnato
633 1203 813 1270 demeretur
821 1203 985 1272 bonorum
995 1205 1225 1272 administratio

242 1311 340 1402 eique
366 1311 497 1380 damur
526 1334 664 1382 ourotor.
708 1318 785 1384 Non
811 1341 1006 1411 magnopere
1039 1317 1225 1386 mmandm

242 1437 310 1505 est,
342 1423 535 1519 plerumque
560 1427 641 1496 filios'
668 1427 765 1496 talem
795 1433 953 1498 actionem
983 1433 1226 1512 instituissent

241 1539 363 1628 pariter
380 1559 629 1611 consentancum
648 1560 710 1627 cst,
730 1545 789 1611 hos
809 1545 924 1613 diserte
944 1547 1105 1616 nominari
1122 1548 1224 1637 iisque

241 1673 320 1742 pree
339 1657 449 1722 ceteris
469 1655 635 1748 διαρρήδην
653 1658 716 1726 hoc
731 1658 780 1724 ius
795 1657 913 1739 trihui3
929 1661 1121 1750 ‘ceteroquin
1136 1662 1224 1726 enim
1261 1719 1262 1722 ,
1303 1733 1308 1742 ,

241 1763 382 1850 invidia,
405 1791 506 1860 quam
528 1773 609 1836 actio
623 1787 751 1838 motura
767 1788 860 1853 esset,
883 1769 1031 1861 perfacile
1044 1795 1098 1838 eos
1112 1797 1131 1838 a
1145 1793 1224 1862 pro-

240 1879 346 1968 posito
369 1879 596 1950 abstorrnissct.
628 1883 783 1950 Omnibus
796 1907 873 1952 vero
888 1886 1045 1952 actionem
1059 1886 1224 1952 instituere

240 1989 384 2078 licuisse,
406 1999 681 2086 persuasissimum
695 1997 815 2078 hahe03
832 1999 991 2090 primum,
1006 1999 1084 2088 qnia
1097 1995 1224 2066 nnllam

237 2114 320 2180 novi
338 2111 475 2202 γροφῆν,
495 2133 597 2202 quam
615 2133 683 2178 non
703 2113 868 2180 instituere
887 2113 1026 2202 potuerit
1044 2114 1062 2180 ὅ
1081 2112 1223 2200 βαολίμε·

240 2249 294 2306 νος
311 2221 355 2306 οἷς
372 2225 456 2306 iicet.
495 2223 569 2292 Soio
584 2225 717 2316 quidem
731 2227 891 2295 Meiernm
905 2225 929 2291 l.
944 2225 967 2291 l.
981 2250 1014 2316 p.
1027 2225 1092 2292 164
1106 2224 1149 2291 ab
1162 2225 1224 2292 hac

240 2337 353 2434 regola
375 2341 519 2428 excipere
537 2338 658 2429 ypopoic
675 2342 857 2430 παρανοίας,
882 2340 1131 2430 ψευδοκλητείας,
1148 2345 1223 2426 βοο-

240 2453 385 2536 meroe
410 2457 653 2544 ψωδοοαοοῆο,
678 2457 815 2541 μοιχείας
842 2469 875 2520 et
902 2459 1033 2544 nones
1072 2453 1129 2520 sad
1161 2453 1224 2520 hoa

239 2564 359 2634 falsum
387 2589 469 2650 csse,
498 2567 662 2632 occasione
691 2567 781 2648 data,
812 2565 1048 2632 demonstrabo.
1083 2565 1223 2648 Deinde,

241 2683 321 2772 quia
346 2705 414 2748 non
437 2679 549 2760 video,
573 2681 631 2770 qui
654 2695 859 2769 prospectum
880 2677 977 2746 suerit
998 2677 1070 2744 filiis
1089 2679 1224 2744 minori-

236 2793 305 2860 ·hus
326 2810 383 2860 aut
404 2793 499 2860 etiam
520 2789 664 2874 filiabus,
686 2791 746 2858 nisi
760 2791 840 2858 hacc
854 2793 936 2858 actio
953 2793 1129 2882 unicuique
1143 2815 1223 2858 con·

238 2907 424 2986 cederetur3
447 2906 609 2997 deniquo,
621 2907 699 2996 qnia
716 2903 811 2972 nulla
830 2920 878 2972 est
899 2905 1015 2974 idonea
1031 2929 1142 2988 causa,
1165 2929 1224 2976 our

238 3023 337 3090 ceteri
358 3019 400 3088 ab
422 3022 545 3089 actione
566 3019 760 3088 instituenda
783 3038 977 3088 arcerentur.
1012 3021 1223 3090 Concedite·

236 3161 317 3204 men
345 3153 466 3227 potest,
494 3133 576 3201 filios
605 3132 800 3226 plerumque
826 3135 912 3205 hanc
934 3137 1103 3204 instituisse
1124 3137 1223 3202 actio-

238 3273 335 3332 nem,
367 3251 489 3342 quippe
516 3271 659 3341 quorum
678 3247 857 3339 plurimum
877 3251 1050 3318 morasca.
1094 3249 1223 3321 Nomen

238 3363 406 3452 παρανοίας
419 3366 492 3430 satis
514 3363 648 3445 indicet,
664 3364 756 3430 initio
771 3361 905 3430 furiosos
917 3379 1044 3430 tantum
1056 3361 1132 3454 peti,
1145 3384 1221 3428 mox

239 3473 368 3542 fictione
390 3478 469 3542 iuris
493 3477 650 3543 actionem
671 3477 782 3544 datam
808 3475 904 3546 fuisse
920 3493 1038 3544 *contra
1061 3474 1220 3566 prodigos.

236 3587 286 3654 Et
302 3587 446 3656 similiter
459 3588 526 3657 iere
545 3591 615 3658 iure
632 3591 792 3657 Romano.
806 3589 847 3657 cf.
864 3591 977 3658 lustin.
1000 3589 1104 3656 instit.
1120 3589 1147 3656 l.
1160 3589 1220 3672 23,

233 3683 335 3769 rain
353 3701 497 3770 smne.
514 3704 575 3770 111.
594 3706 615 3769 t
636 3703 678 3769 A.
705 3705 737 3770 7.

285 3816 376 3884 Nihil
405 3820 471 3908 peti
500 3817 563 3886 hac
586 3819 727 3901 actione,
754 3819 816 3886 nisi
850 3833 888 3884 nt
916 3831 1044 3884 curator
1072 3815 1219 3898 daretur,

238 3944 327 4018 patet
345 3933 440 3998 etiam
460 3953 500 3996 ex
520 3930 635 3998 Aesch.
658 3931 743 3998 Cteo.
765 3931 784 4020 S
801 3931 882 3996 251:
903 3929 923 3998 α’
941 3929 978 3998 ii
996 3932 1095 4018 δῆμος
1112 3933 1148 4000 ἐκ
1166 3935 1221 4018 τῆς

238 4041 378 4128 (θυμίας
394 4047 459 4114 τοῖν
476 4042 709 4132 ονμβαρηκοῖαη
727 4036 833 4132 ὅπερ
851 4039 1101 4131 παρηογρραοιίς
1117 4038 1141 4128 ἢ
1159 4067 1221 4108 πα-
