2772 4902
596 339 638 404 85

159 533 446 591 artrtcmemorontur
462 526 494 589 in
511 526 654 616 inscript.
672 525 757 615 apud
770 523 912 592 Boeckh.
929 524 983 592 No.
1000 527 1104 608 3562,

155 633 275 700 Gambrei
304 659 400 726 prope
425 638 607 726 Pergamum
633 639 664 704 in
689 639 757 728 lege
780 638 819 704 dc
847 638 955 706 luctu:
986 645 1045 726 τὸν
1067 641 1117 730 όὲ1

154 757 364 837 γυναικονόμον
390 757 446 822 τόν
481 759 545 822 όπό
577 763 632 824 τοῦ
672 756 776 841 δήμου
812 760 1008 840 αἱρούμενον
1036 763 1106 831 τοῖς
1171 811 1174 816 ,

152 867 291 950 όννόομοις
310 875 378 943 τοῖς
394 873 456 954 πρό
476 873 543 938 τῶν
564 873 793 956 Θεσμοφορίων
817 873 1014 956 ἐπεύχεσθαι
1035 876 1104 945 τοῖς

153 978 312 1060 ι’μμόνουοιν
338 989 394 1048 καὶ
429 991 501 1060 ταῖς
537 985 756 1069 πειθομέναις
779 985 862 1070 τῷδε
889 992 935 1070 τῷ
957 988 1047 1069 νόμον
1069 976 1104 1050 εὖ

151 1085 214 1158 εἶναι
236 1099 287 1160 aori
319 1102 387 1164 τῶν
407 1101 623 1186 ὑπαρχόντων
645 1100 786 1180 οἷγαθῶν
814 1103 929 1184 ὄνησιν
960 1125 991 1162 ιι.
1017 1123 1048 1162 τ.
1070 1096 1101 1164 λ.

150 1201 184 1268 Gi.
207 1205 241 1272 id.
259 1208 295 1272 ad
315 1209 368 1276 N0.
394 1209 494 1277 3561.
530 1211 743 1276 Romanorum
765 1222 866 1275 aetate
885 1209 1025 1274 occurrit
1043 1237 1103 1292 μυ·

150 1331 313 1408 νιινονόμος
345 1324 378 1389 in
419 1325 628 1414 inscriptione
662 1324 847 1390 Branchidis
881 1323 990 1390 Cariae
1018 1321 1102 1410 apud

148 1435 216 1498 rand.
232 1436 277 1501 N‘t
301 1439 410 1517 2881,
435 1452 466 1504 et
491 1438 659 1504 Menander
677 1439 699 1506 l.
717 1440 739 1507 Ι.
760 1438 799 1503 de
820 1441 858 1503 iis
876 1437 1018 1528 loquitur
1037 1451 1105 1508 tan,

148 1569 217 1635 qnam
238 1553 398 1618 sooetiam
423 1567 563 1643 tempore
587 1554 804 1642 magistratum
826 1551 1056 1618 exercentibus.

176 1665 249 1749 Quod
276 1667 313 1732 ad
343 1669 534 1734 creationem
558 1667 670 1732 horum
697 1669 933 1755 magistratuum
962 1667 1095 1744 attinet,

144 1799 275 1868 perperam
300 1783 421 1864 Μαῖαν,
448 1783 512 1849 Δῑι.
536 1785 662 1850 Process
682 1805 715 1872 p.
737 1785 778 1848 97
798 1779 836 1844 nd
858 1781 1026 1868 κληρωτὰς
1048 1799 1100 1843 eos

148 1895 223 1962 retulit
240 1902 360 1988 ἀρχὰς,
385 1923 458 1964 cum
495 1899 619 1964 disertis
648 1897 750 1977 rerbir
777 1919 828 1960 cos
852 1919 868 1959 a
893 1891 1012 1983 populo
1039 1891 1101 1955 suf-

149 2005 223 2096 togis
255 2014 349 2080 fuisse
379 2015 493 2082 electos
521 2025 652 2081 testetur
680 2009 850 2078 Menander
877 2008 900 2073 Ι.
924 2007 944 2073 l.
982 2005 1032 2074 Gi.
1054 2005 1101 2070 in-

141 2125 244 2213 ertptio
267 2128 417 2195 Gambrei
434 2129 526 2195 modo
553 2128 637 2195 laude
682 2126 809 2194 Justnrn
826 2147 918 2215 porro
936 2123 1099 2188 matrimo-

135 2237 205 2308 nium
225 2243 256 2308 in
279 2243 317 2309 iis
336 2245 430 2310 fuisse
455 2245 657 2335 requisitum,
682 2255 714 2310 et
739 2265 774 2308 ex
804 2241 850 2306 rei
874 2251 984 2304 natura
1006 2249 1038 2302 ct
1062 2257 1098 2302 er

131 2352 269 2423 Euatathii
299 2359 402 2426 verbis
425 2373 554 2450 apparet
579 2358 618 2424 ad
643 2355 732 2424 tttart.
754 2353 794 2424 X.
833 2357 916 2419 420:
942 2358 974 2422 οἱ
1003 2377 1097 2438 νομο-

129 2471 213 2540 otras
245 2480 504 2560 γυναικονόμους
536 2481 577 2544 ἐν·
600 2482 674 2550 ταῖς
714 2473 847 2540 πόλεσιν
876 2470 1020 2555 ὥρισαν,
1058 2467 1095 2532 οὐ

127 2589 191 2664 ῐθῦς
209 2589 370 2674 ἀγάμους,
401 2588 477 2656 ἀλλ’
512 2589 575 2676 ἤδη
596 2598 702 2672 γόμου
731 2584 1009 2672 πεπειραμένους,
1039 2586 1096 2646 καὶ

126 2701 334 2788 παιδονόμους
361 2703 398 2768 δὲ
426 2705 549 2781 ἔταξαν
577 2705 614 2770 οὐ
646 2706 722 2778 τούς
750 2700 917 2774 ἄπαιδας,
948 2693 1023 2760 a'tt’
1046 2690 1094 2768 οἷς

126 2817 227 2893 παῖδας
248 2817 419 2900 ἐγένοντο,
441 2820 501 2886 ἵνα
523 2813 572 2893 οἷς
597 2818 690 2883 αὐτοὶ
708 2817 818 2902 ἔχουσι
843 2812 1093 2894 συμπαθοῦντες

125 2927 331 3014 ἐπιμέλονται
350 2935 490 3000 καὶτῶν
512 2927 799 3016 ἐπιτετραμμένον
824 2928 948 3000 αὐτοῖς.

159 3042 260 3110 Hnitis
288 3045 320 3110 in
350 3045 532 3110 civitatibus
560 3042 615 3107 hos
636 3042 832 3130 magistratus
855 3037 948 3102 inisse
969 3033 1092 3098 institu-

122 3165 176 3234 tas,
209 3171 339 3224 testatur
359 3157 501 3225 necant.
523 3159 547 3223 Ι.
572 3157 591 3222 Ι.
610 3155 763 3224 Universa
786 3164 890 3218 autem
913 3149 951 3214 ad
973 3148 1091 3214 Aristo·

119 3273 235 3339 cratium
253 3297 305 3339 eor
318 3273 505 3364 pertinuisse
517 3265 596 3338 dicit
611 3269 768 3337 Aristotel.
781 3266 821 3332 tle
840 3267 920 3354 Rep.
933 3260 988 3330 IV.
1006 3265 1045 3327 15
1058 3274 1089 3325 et

116 3379 164 3450 Vl.
185 3388 217 3454 8.
263 3389 443 3454 Invenimus
482 3411 534 3452 cos
565 3398 785 3476 praeterquam
811 3383 842 3446 in
873 3363 1088 3460 urhibusjam

116 3505 281 3568 memoratis
294 3504 426 3570 maxime
439 3501 588 3592 Spartae:
608 3499 741 3589 Hesych.
760 3521 789 3566 r.
803 3500 991 3584 ἁρμόουνοι,
1004 3491 1086 3576 α’ρρρ

116 3636 157 3688 ¹¹⁵¹
174 3621 207 3684 όν
226 3619 454 3705 Λακεδαίμονι
476 3623 532 3685 tut
549 3627 605 3703 τῆς
622 3619 794 3701 εὐκοσμίας
813 3619 880 3680 τῶν
906 3611 1085 3690 γυναικῶν.
1168 3632 1171 3638 ·

115 3717 199 3792 Porro
223 3729 437 3810 Chaeroneae,
470 3731 626 3798 Plutarch.
659 3729 767 3796 Solon.
793 3727 858 3805 21,
891 3722 945 3788 ubi
977 3741 1085 3786 eorum

116 3859 214 3910 nunus
234 3847 366 3914 mirifice
389 3850 537 3914 convenit
562 3856 633 3912 cum
656 3847 693 3911 iis
718 3843 851 3940 quaein
883 3836 1086 3924 inscriptione

119 3947 253 4024 Gambret
271 3959 363 4026 ruodo
379 3959 503 4028 laudata
515 3954 882 4044 habentur;¹Syracusis‚
900 3973 980 4041 quae
993 3949 1083 4038 piane

119 4085 181 4136 νυνι
199 4073 431 4144 Atheniensium
450 4078 648 4145 consentiunt
666 4071 884 4148 institutione,
911 4079 987 4132 teste
1001 4063 1082 4152 Phy-
