2862 4894
739 261 781 324 26

265 453 350 520 tuli:
379 472 465 518 nane
490 470 568 516 vero
587 470 638 514 me
667 455 770 514 lolam
793 467 865 512 esse
880 450 917 512 a'n
944 455 1030 512 melu
1051 456 1200 536 propter
1216 458 1248 516 la

264 589 387 632 unum:
423 563 595 653 quidquid
622 565 857 650 increpuerit,
896 564 1079 628 Catilinam
1107 568 1245 632 timeri:

262 684 391 748 nullum
411 680 526 746 videri
538 686 657 746 eontra
670 700 719 741 me
730 679 910 744 eonsilium
930 681 1019 742 iniri
1023 699 1140 765 posse,
1159 679 1250 766 qaod

262 822 286 862 a
312 805 368 862 tue
383 798 508 861 scelere
523 794 704 858 abhorreat
711 817 724 868 ,·
748 791 1071 878 noneslfereadum.
1124 791 1248 879 Quam-

261 911 369 976 obrem
390 909 541 987 discede,
564 916 664 994 alque
684 907 768 972 buno
795 907 882 972 milri
902 909 1055 972 timorem
1082 911 1196 996 eripe:
1213 913 1247 974 si

261 1035 312 1090 est
333 1045 452 1101 verus,
475 1045 516 1087 ere
535 1025 736 1110 opprimar,‘
758 1024 813 1085 sia
824 1020 966 1108 salsus,
983 1033 1020 1086 ul
1035 1023 1245 1090 landemala'-

259 1138 395 1226 quando
416 1141 533 1202 timere
562 1136 726 1206 desinam.
774 1138 831 1202 60.
857 1137 978 1234 flues}
1003 1136 1027 1200 si
1059 1147 1183 1216 tarum,
1210 1149 1245 1204 ut

260 1249 346 1329 diri,
369 1251 470 1341 patria
493 1250 652 1340 loquatur,
678 1272 782 1318 nonne
806 1252 975 1339 impetrare
999 1249 1123 1332 debeas,
1149 1251 1244 1318 etiarn

260 1365 373 1432 sirim
397 1363 548 1432 adhibere
571 1386 633 1430 non
657 1364 776 1453 possit?
822 1363 930 1450 Quid?
954 1363 1039 1454 quod
1064 1379 1098 1431 lu
1123 1378 1152 1431 le
1176 1367 1242 1455 ipse

259 1479 293 1546 in
327 1477 502 1548 custodiam
535 1477 672 1546 dedisti?
705 1476 810 1568 quidl
841 1477 950 1567 quod,
976 1479 1118 1546 vitandae
1141 1480 1244 1568 suspi-

258 1595 359 1662 cionis
393 1616 507 1675 eausa,
543 1592 627 1684 apud
661 1591 705 1659 Μ’
728 1591 886 1682 Lepidum
922 1605 952 1660 te
983 1591 1128 1658 habitare
1165 1593 1243 1660 velle

258 1709 388 1776 dixisti?
423 1731 529 1798 aquo
564 1729 627 1773 non
652 1718 821 1797 receptus,
857 1708 952 1774 etiarn
988 1707 1027 1773 ad
1059 1730 1109 1774 me
1134 1708 1241 1774 venire

256 1845 349 1890 ausus
372 1847 421 1903 es,
444 1835 552 1913 atque,
577 1835 613 1888 ut
635 1820 722 1888 domi
738 1843 825 1888 meae
843 1834 874 1888 te
886 1845 1092 1902 asservarem,
1116 1823 1242 1911 rogasti.

261 1940 365 2025 Quum
392 1961 409 2004 a
431 1960 482 2004 me
507 1959 635 2026 quoque
655 1935 687 2002 id
709 1958 892 2024 responsum
916 1935 1054 2020 tulisses,
1080 1959 1130 2002 me
1153 1935 1241 2002 nullo

257 2051 353 2119 modo
387 2073 475 2141 posse
505 2050 615 2118 iisdem
645 2049 818 2140 parietibus
849 2062 918 2116 luto
947 2062 1159 2130 essetecum,
1185 2050 1241 2140 qui

257 2187 370 2254 magno
393 2167 425 2230 in
449 2165 589 2254 periculo
613 2187 723 2244 essem,
748 2162 834 2253 quod
857 2163 968 2230 iisdem
983 2167 1145 2232 moenibus
1162 2187 1240 2232 con·

256 2281 452 2360 sineremur3
488 2277 526 2344 ad
558 2281 595 2365 Q.
632 2278 795 2346 Metellum
829 2297 1006 2368 praetorem
1038 2281 1162 2350 venisli.
1211 2279 1240 2346 A

255 2417 319 2484 quo
341 2391 546 2483 repudiatus,
571 2391 610 2460 ad
631 2393 767 2460 sodalem
792 2405 905 2475 tuum,
931 2395 1033 2460 virum
1058 2395 1233 2484 optimum,

253 2509 292 2574 ri.
322 2506 506 2574 Marcellum
539 2505 741 2595 denigrastis
773 2529 868 2596 quern
905 2519 940 2572 tu
972 2507 1119 2574 videlieet
1143 2521 1173 2574 er
1198 2507 1237 2575 ad

255 2621 495 2690 custodiendum
520 2633 550 2688 le
572 2621 862 2710 diligentissimum,
894 2621 990 2688 etad
1014 2623 1237 2712 suspicandum

254 2739 507 2828 sagacissimum,
537 2749 569 2802 et
603 2737 641 2804 ad
678 2735 902 2806 vindicandum
935 2737 1138 2806 fortissimum
1169 2739 1237 2806 lore

254 2853 384 2943 putasti.
430 2849 492 2918 Sed
526 2873 621 2941 quam
646 2851 738 2941 longa
763 2850 887 2918 ridetur
909 2875 926 2918 a
951 2873 1077 2918 carcere
1101 2865 1236 2942 alquea

254 2967 388 3034 vinculis
412 2965 517 3032 abesse
540 2966 676 3045 debere,
703 2965 759 3054 qui
782 2987 814 3032 se
837 2966 904 3054 ipse
934 2965 996 3032 iam
1026 2965 1155 3054 dignum
1180 2989 1236 3034 cu·

253 3079 353 3146 stedia
376 3079 553 3146 iudicarit?
579 3084 635 3149 61.
662 3081 748 3167 Quae
766 3077 780 3118 ²
798 3103 895 3168 quum
920 3080 963 3146 ira
981 3081 1061 3160 sint,
1087 3079 1233 3160 Catilina,

253 3217 367 3283 perge,
405 3216 468 3282 quo
501 3195 650 3284 coepisti:
683 3193 832 3284 egredere
865 3193 1034 3284 aliquando
1057 3217 1093 3260 er
1124 3193 1230 3262 Urbe:

252 3320 363 3397 patent
386 3322 512 3398 portae:
537 3310 748 3399 proficiscere.
796 3309 938 3378 Nimium
962 3309 1018 3376 diu
1047 3322 1077 3374 te
1100 3309 1234 3397 impera-

252 3433 353 3488 torem
387 3435 440 3490 lua
467 3423 521 3488 illa
546 3423 692 3490 Malliana
716 3435 815 3491 castra
841 3423 1029 3492 desiderant.
1076 3421 1166 3490 Educ
1188 3436 1233 3488 le·

252 3557 326 3602 cum
364 3538 460 3604 etiam
484 3561 590 3606 omnes
622 3551 713 3606 tuos:
741 3540 767 3604 si
793 3539 919 3620 minus,
946 3539 1230 3628 quamplurimos.

252 3651 356 3740 Purga
379 3632 520 3722 Urbem?
559 3653 673 3741 Magno
698 3675 749 3718 me
769 3665 858 3718 metu
873 3653 1035 3736 liberabis,
1061 3651 1232 3720 dummodo

250 3765 332 3834 inter
354 3789 404 3834 me
427 3781 523 3857 alque
554 3779 585 3834 te
608 3789 717 3835 murus
740 3767 872 3834 intersit
920 3767 1093 3836 Nobiscum
1117 3768 1231 3836 versari

246 3932 384 3946 *eo——

286 4021 551 4091 arridere.
570 4049 601 4061 -
620 4021 643 4088 2)
663 4023 893 4092 bassim.
