2942 4902
657 339 677 402 Β

179 523 319 590 animum
329 525 482 590 memoria
493 523 638 590 refricare
656 539 814 613 coeperat,
827 537 897 588 tum
909 521 1050 614 denique
1060 527 1088 592 ei
1103 547 1154 592 re·

178 634 331 702 sistebam:
343 659 511 726 nequeme
521 635 699 704 arbitrabar
708 637 776 704 sine
788 657 915 702 summo
927 632 1042 702 scelere
1051 653 1152 727 posse,

178 747 264 839 quod
272 747 466 816 maleficium
486 751 520 816 in
542 747 609 816 aliis
628 749 855 829 vindicassem,
870 747 957 814 idem
976 751 1010 816 in
1026 746 1156 816 illorum

176 864 271 942 socio,
292 885 399 953 quum
407 863 532 944 scirem,
552 862 730 932 defendere.
754 864 785 928 5.
802 861 869 926 Αῑί
886 864 972 930 idem
981 886 1039 955 ego
1049 883 1156 953 neque

176 977 209 1041 P.
235 974 362 1045 Sullam
386 976 563 1068 supplicem
579 977 675 1059 ferre,
694 1001 802 1070 neque
819 977 999 1058 Marcellos,
1021 979 1155 1068 propin-

176 1115 256 1181 quos
272 1090 371 1158 huius
394 1093 422 1170 ¹,
450 1108 573 1181 patrem
596 1089 771 1172 etlilium,
798 1116 940 1182 quorum
967 1091 1047 1160 alter
1068 1091 1156 1182 apud

176 1227 225 1270 me
248 1206 389 1294 parentis
409 1206 612 1298 gravitatem,
642 1203 722 1272 alter
742 1204 798 1272 lilii
818 1209 1006 1276 suavitatem
1028 1205 1155 1274 obtine-

175 1320 242 1402 bat,
267 1321 351 1412 pm³
366 1321 464 1420 buius
487 1319 635 1412 periculis
655 1320 854 1390 lacrimantes
866 1323 1037 1414 adspicere,
1050 1347 1156 1415 neque

175 1433 345 1515 Messalae,
373 1435 512 1502 hominis
538 1439 721 1519 necessarii,
744 1461 852 1527 preces
879 1441 1034 1504 sustinere
1054 1439 1155 1528 potui.
1283 1459 1284 1464 ¹

174 1549 289 1640 Neque
311 1549 398 1615 enim
417 1565 464 1616 est
482 1573 577 1616 causa
597 1550 760 1617 adversata
783 1567 928 1630 naturae,
954 1573 1015 1618 nec
1036 1551 1154 1630 bomo,

173 1685 233 1729 nec
249 1663 540 1730 resmisericordiae
550 1687 638 1731 meae
648 1663 847 1756 repugnavit
867 1663 996 1730 Etenim
1009 1665 1023 1706 ⁴
1039 1663 1154 1743 multa,

173 1799 279 1866 quum
298 1797 398 1842 essem
416 1773 546 1856 consul,
566 1777 607 1843 de
623 1777 755 1842 summis
772 1779 818 1842 rei
836 1775 984 1867 publicae
1008 1775 1157 1866 periculis

174 1887 302 1967 audivi,
324 1886 428 1954 multa
447 1889 606 1978 quaesivi,
627 1885 730 1954 multa
748 1890 900 1980 cognovi:
924 1885 1035 1955 nullus
1049 1905 1155 1955 tamen

174 2025 325 2092 unquam
345 2002 385 2068 de
406 1991 498 2070 sulla
518 2003 653 2068 nuntius
677 2001 720 2068 ad
740 2025 809 2082 me,
830 1999 961 2068 nullum
982 1989 1156 2082 indicium,

173 2113 284 2182 nullae
310 2113 419 2182 literae
445 2131 681 2206 pervenerunt,
713 2112 805 2181 nulla
832 2116 979 2206 suspicio.
1013 2115 1118 2182 Huius
1142 2117 1157 2184 l

174 2230 273 2321 igitur
293 2253 422 2296 causam
443 2230 586 2319 suscepi,
606 2243 638 2296 et
655 2227 714 2295 feci
736 2225 891 2309 libenter,
914 2244 951 2294 ut
969 2251 1041 2310 me,
1059 2252 1156 2320 quem

174 2341 253 2407 boni
264 2357 465 2408 constantem
482 2364 619 2432 semper,
631 2357 670 2408 ut
686 2363 791 2431 spero,
810 2343 1049 2423 existimassent,
1065 2325 1158 2408 eum-

174 2453 249 2522 dem
269 2478 312 2522 nc
330 2451 469 2544 improbi
493 2453 625 2546 quidem
647 2452 807 2522 crudelem
827 2455 977 2522 dicerent.

220 2683 281 2750 Ill.
307 2685 340 2750 6.
363 2683 428 2754 Sed
441 2683 456 2728 ὅ
470 2685 553 2776 quid
569 2707 627 2776 ego
645 2699 719 2748 utor
738 2683 798 2748 bac
808 2705 884 2748 voce
895 2682 936 2748 ad
950 2679 1155 2774 purgandum

175 2797 248 2864 me?
271 2798 402 2864 Etenim
419 2800 444 2880 ⁷,
464 2799 489 2864 si
510 2799 567 2888 qui
589 2799 671 2887 ipsas
693 2821 802 2863 musas
825 2795 1016 2862 contendere
1035 2792 1154 2876 velint,

175 2913 283 2978 mirari
304 2911 319 2954 ⁸
342 2911 498 2991 desinent,
514 2933 577 2991 me,
594 2911 652 3000 qui
668 2907 829 2975 Autronio
842 2907 1013 2989 abfuerim,
1032 2905 1157 2975 Sullam

175 3021 360 3090 defendisse.
383 3023 472 3106 Quae
491 3023 578 3088 enim
595 3021 746 3086 Autronii
767 3019 829 3086 suit
846 3019 961 3086 carrea?
977 3045 1060 3111 quae
1080 3020 1157 3089 Sul-

176 3135 248 3203 lae?
272 3133 332 3203 llle
354 3135 493 3202 ambitus
515 3135 670 3202 iudicium
697 3133 806 3202 tollere
828 3159 863 3200 ac
886 3135 1064 3202 disturbare
1089 3139 1156 3226 pri-

176 3249 267 3316 mum
291 3249 428 3316 conflato
453 3247 556 3316 volarit
576 3247 786 3341 gladiatorum
814 3272 850 3313 ac
869 3247 1078 3340 fugitivorum
1103 3267 1156 3316 tu-

177 3361 299 3430 multu:
322 3363 456 3444 deinde,
478 3363 513 3428 id
537 3363 625 3452 quod
650 3363 789 3428 vidimus
809 3385 937 3441 omnes,
963 3361 1156 3452 lapidatione

177 3493 271 3568 atque
291 3499 467 3554 concursu3
485 3473 590 3556 Sulla,
615 3477 639 3541 si
655 3474 715 3540 sibi
737 3499 814 3541 suus
833 3475 940 3564 pudor
959 3499 994 3540 ac
1018 3477 1155 3568 dignitas

178 3613 243 3656 non
264 3589 442 3680 prodesset,
472 3587 602 3656 nullum
625 3585 782 3656 auxilium
809 3589 982 3677 requisivit.
1020 3585 1079 3655 Ille
1099 3589 1158 3654 da-

214 3865 235 3931 1)
254 3869 318 3920 rste.
338 3884 362 3919 c.
383 3871 410 3920 s.
431 3867 443 3937 ς
463 3871 505 3920 so.
521 3898 555 3908 -
573 3867 702 3938 ¹)1sre.§
719 3865 1154 3936 ta.-¹)ttie.oso.-⁶)totd.

181 3975 204 4012 o.
220 3965 246 4013 5.
260 3959 273 4031 ς
289 3966 332 4014 Η.
346 3959 415 4028 -⁸)
434 3964 497 4014 ibid.
517 3981 540 4016 c.
562 3967 587 4014 6.
609 3963 622 4034 §
641 3966 685 4015 20.
705 3989 739 4000 -
758 3959 780 4028 ⁸)
802 3977 846 4027 pro
865 3961 931 4014 Sulla
947 3977 970 4012 c.
988 3965 1012 4012 s.
1029 3961 1042 4025 i
1061 3960 1103 4013 tt.
1122 3987 1157 3998 -—

183 4053 205 4122 ⁷)
222 4057 246 4108 iu
265 4057 365 4108 Catilio.
385 4059 419 4109 11.
439 4071 460 4109 e.
484 4063 526 4110 tt.
547 4057 559 4127 ς
578 4061 622 4114 25.
644 4055 719 4122 *1)
739 4073 782 4122 pro
802 4057 868 4110 Sulla
888 4071 910 4108 c.
932 4059 959 4108 5.
979 4051 992 4121 ς
1013 4058 1055 4105 tt.
