<?xml version="1.0" encoding="UTF-8"?>
<!DOCTYPE html PUBLIC "-//W3C//DTD XHTML 1.0 Transitional//EN"
    "http://www.w3.org/TR/xhtml1/DTD/xhtml1-transitional.dtd">
<html xmlns="http://www.w3.org/1999/xhtml" xml:lang="en" lang="en">
 <head>
  <title>
</title>
<meta http-equiv="Content-Type" content="text/html;charset=utf-8" />
  <meta name='ocr-system' content='tesseract 3.04.00' />
  <meta name='ocr-capabilities' content='ocr_page ocr_carea ocr_par ocr_line ocrx_word'/>
</head>
<body>
  <div class='ocr_page' id='page_1' title='image "./miscellaneaphil00paedgoog_0175.png"; bbox 0 0 2914 4902; ppageno 0'>
   <div class='ocr_carea' id='block_1_1' title="bbox 783 306 845 370">
    <p class='ocr_par' dir='ltr' id='par_1_1' title="bbox 783 306 845 370">
     <span class='ocr_line' id='line_1_1' title="bbox 783 306 845 370; baseline 0.016 -1"><span class='ocrx_word' id='word_1_1' title='bbox 783 306 845 370; x_wconf 81' lang='grc'>160</span> 
     </span>
    </p>
   </div>
   <div class='ocr_carea' id='block_1_2' title="bbox 326 489 1320 1157">
    <p class='ocr_par' dir='ltr' id='par_1_2' title="bbox 326 489 1320 1157">
     <span class='ocr_line' id='line_1_2' title="bbox 332 489 1312 585; baseline -0.008 -16"><span class='ocrx_word' id='word_1_2' title='bbox 332 506 412 570; x_wconf 75' lang='lat' dir='ltr'>dre</span> <span class='ocrx_word' id='word_1_3' title='bbox 443 498 649 568; x_wconf 75' lang='grc' dir='ltr'>συνείλεκται</span> <span class='ocrx_word' id='word_1_4' title='bbox 680 501 814 564; x_wconf 68' lang='lat' dir='ltr'>Koron</span> <span class='ocrx_word' id='word_1_5' title='bbox 847 499 904 561; x_wconf 81' lang='grc' dir='ltr'><strong><em>καλ</em></strong></span> <span class='ocrx_word' id='word_1_6' title='bbox 929 489 1180 582; x_wconf 57' lang='grc' dir='ltr'><strong><em>Ἀπολλόδωρος</em></strong></span> <span class='ocrx_word' id='word_1_7' title='bbox 1207 500 1245 565; x_wconf 72' lang='grc' dir='ltr'>ἐκ</span> <span class='ocrx_word' id='word_1_8' title='bbox 1270 512 1312 585; x_wconf 70' lang='lat' dir='ltr'>tp</span> 
     </span>
     <span class='ocr_line' id='line_1_3' title="bbox 333 606 1312 700; baseline -0.011 -15"><span class='ocrx_word' id='word_1_9' title='bbox 333 621 433 684; x_wconf 80' lang='grc' dir='ltr'><strong><em>αὑτοῦ</em></strong></span> <span class='ocrx_word' id='word_1_10' title='bbox 458 610 528 681; x_wconf 73' lang='grc' dir='ltr'>εἶπε</span> <span class='ocrx_word' id='word_1_11' title='bbox 552 611 752 700; x_wconf 71' lang='grc' dir='ltr'><strong><em>βιβλιοθήκῃ</em></strong></span> <span class='ocrx_word' id='word_1_12' title='bbox 777 613 832 674; x_wconf 81' lang='grc' dir='ltr'><strong><em>καὶ</em></strong></span> <span class='ocrx_word' id='word_1_13' title='bbox 855 606 1149 694; x_wconf 73' lang='grc' dir='ltr'><strong><em>Ἀλέξανδρος</em></strong></span> <span class='ocrx_word' id='word_1_14' title='bbox 1176 619 1312 695; x_wconf 76' lang='grc' dir='ltr'><strong><em>ἤθροισε</em></strong></span> 
     </span>
     <span class='ocr_line' id='line_1_4' title="bbox 333 725 1313 812; baseline -0.009 -16"><span class='ocrx_word' id='word_1_15' title='bbox 333 734 389 796; x_wconf 85' lang='grc' dir='ltr'><strong><em>καλ</em></strong></span> <span class='ocrx_word' id='word_1_16' title='bbox 423 725 594 802; x_wconf 79' lang='grc' dir='ltr'><strong><em>Νικόλαος</em></strong></span> <span class='ocrx_word' id='word_1_17' title='bbox 628 727 853 808; x_wconf 69' lang='grc' dir='ltr'><strong><em>προσεφώνησε</em></strong></span> <span class='ocrx_word' id='word_1_18' title='bbox 888 725 944 787; x_wconf 81' lang='grc' dir='ltr'><strong><em>καὶ</em></strong></span> <span class='ocrx_word' id='word_1_19' title='bbox 971 729 1195 809; x_wconf 76' lang='grc' dir='ltr'><strong><em>Πρωταγόρας</em></strong></span> <span class='ocrx_word' id='word_1_20' title='bbox 1224 753 1313 812; x_wconf 82' lang='grc' dir='ltr'><strong><em>προ·</em></strong></span> 
     </span>
     <span class='ocr_line' id='line_1_5' title="bbox 326 833 1315 931; baseline -0.002 -27"><span class='ocrx_word' id='word_1_21' title='bbox 326 844 489 931; x_wconf 56' lang='grc' dir='ltr'>διέλαβεν</span> <span class='ocrx_word' id='word_1_22' title='bbox 515 839 541 905; x_wconf 89' lang='lat'>¹.</span> <span class='ocrx_word' id='word_1_23' title='bbox 589 839 675 924; x_wconf 80' lang='lat' dir='ltr'>Quae</span> <span class='ocrx_word' id='word_1_24' title='bbox 707 837 809 900; x_wconf 90' lang='lat' dir='ltr'>omnia</span> <span class='ocrx_word' id='word_1_25' title='bbox 833 833 894 898; x_wconf 90' lang='lat' dir='ltr'>hoo</span> <span class='ocrx_word' id='word_1_26' title='bbox 917 833 987 900; x_wconf 88' lang='lat' dir='ltr'>loco</span> <span class='ocrx_word' id='word_1_27' title='bbox 1010 847 1081 900; x_wconf 84' lang='lat' dir='ltr'>aunt</span> <span class='ocrx_word' id='word_1_28' title='bbox 1103 836 1315 919; x_wconf 85' lang='lat' dir='ltr'>attendenda,</span> 
     </span>
     <span class='ocr_line' id='line_1_6' title="bbox 336 949 1318 1046; baseline 0 -26"><span class='ocrx_word' id='word_1_29' title='bbox 336 979 400 1046; x_wconf 89' lang='lat' dir='ltr'>quo</span> <span class='ocrx_word' id='word_1_30' title='bbox 425 955 519 1043; x_wconf 83' lang='lat' dir='ltr'>magis</span> <span class='ocrx_word' id='word_1_31' title='bbox 542 966 574 1018; x_wconf 91' lang='lat' dir='ltr'>et</span> <span class='ocrx_word' id='word_1_32' title='bbox 597 973 681 1016; x_wconf 86' lang='lat' dir='ltr'>nuno</span> <span class='ocrx_word' id='word_1_33' title='bbox 700 950 779 1015; x_wconf 91' lang='lat' dir='ltr'>ratio</span> <span class='ocrx_word' id='word_1_34' title='bbox 802 949 979 1039; x_wconf 78' lang='lat' dir='ltr'>explicetur</span> <span class='ocrx_word' id='word_1_35' title='bbox 997 955 1194 1036; x_wconf 78' lang='grc' dir='ltr'><strong><em>Θαυμασίων</em></strong></span> <span class='ocrx_word' id='word_1_36' title='bbox 1216 977 1318 1022; x_wconf 73' lang='lat' dir='ltr'>oona·</span> 
     </span>
     <span class='ocr_line' id='line_1_7' title="bbox 335 1065 1320 1157; baseline -0.006 -19"><span class='ocrx_word' id='word_1_37' title='bbox 335 1080 442 1156; x_wconf 78' lang='grc' dir='ltr'><strong><em>γωγῆς</em></strong></span> <span class='ocrx_word' id='word_1_38' title='bbox 465 1082 496 1135; x_wconf 90' lang='lat' dir='ltr'>et</span> <span class='ocrx_word' id='word_1_39' title='bbox 519 1067 605 1157; x_wconf 90' lang='lat' dir='ltr'>quasi</span> <span class='ocrx_word' id='word_1_40' title='bbox 630 1087 849 1156; x_wconf 77' lang='lat' dir='ltr'>praeparemus</span> <span class='ocrx_word' id='word_1_41' title='bbox 874 1086 953 1153; x_wconf 91' lang='lat' dir='ltr'>quae</span> <span class='ocrx_word' id='word_1_42' title='bbox 976 1087 1046 1130; x_wconf 90' lang='lat' dir='ltr'>mox</span> <span class='ocrx_word' id='word_1_43' title='bbox 1069 1079 1162 1130; x_wconf 88' lang='lat' dir='ltr'>erunt</span> <span class='ocrx_word' id='word_1_44' title='bbox 1185 1065 1224 1132; x_wconf 91' lang='lat' dir='ltr'>de</span> <span class='ocrx_word' id='word_1_45' title='bbox 1248 1067 1320 1132; x_wconf 86' lang='lat' dir='ltr'>aliis</span> 
     </span>
    </p>
   </div>
   <div class='ocr_carea' id='block_1_3' title="bbox 230 1171 1320 1270">
    <p class='ocr_par' dir='ltr' id='par_1_3' title="bbox 230 1171 1320 1270">
     <span class='ocr_line' id='line_1_8' title="bbox 230 1171 1320 1270; baseline -0.005 -20"><span class='ocrx_word' id='word_1_46' title='bbox 230 1185 236 1195; x_wconf 74' lang='grc'><strong>“</strong></span> <span class='ocrx_word' id='word_1_47' title='bbox 335 1183 567 1250; x_wconf 81' lang='lat' dir='ltr'>commentariis</span> <span class='ocrx_word' id='word_1_48' title='bbox 590 1171 787 1270; x_wconf 86' lang='lat' dir='ltr'>disputanda.</span> <span class='ocrx_word' id='word_1_49' title='bbox 833 1179 1020 1266; x_wconf 77' lang='lat' dir='ltr'><strong>Fragmenta</strong></span> <span class='ocrx_word' id='word_1_50' title='bbox 1038 1184 1235 1267; x_wconf 79' lang='grc' dir='ltr'><strong><em>Θαυμασίαν</em></strong></span> <span class='ocrx_word' id='word_1_51' title='bbox 1255 1203 1320 1246; x_wconf 90' lang='lat' dir='ltr'>non</span> 
     </span>
    </p>
   </div>
   <div class='ocr_carea' id='block_1_4' title="bbox 337 1291 1323 1497">
    <p class='ocr_par' dir='ltr' id='par_1_4' title="bbox 337 1291 1323 1497">
     <span class='ocr_line' id='line_1_9' title="bbox 337 1291 1320 1384; baseline -0.006 -19"><span class='ocrx_word' id='word_1_52' title='bbox 337 1300 452 1365; x_wconf 79' lang='lat' dir='ltr'>diserte</span> <span class='ocrx_word' id='word_1_53' title='bbox 476 1310 703 1374; x_wconf 87' lang='lat' dir='ltr'>memorantur;</span> <span class='ocrx_word' id='word_1_54' title='bbox 736 1293 786 1359; x_wconf 89' lang='lat' dir='ltr'>sed</span> <span class='ocrx_word' id='word_1_55' title='bbox 813 1293 863 1357; x_wconf 92' lang='lat' dir='ltr'>illa</span> <span class='ocrx_word' id='word_1_56' title='bbox 888 1291 992 1357; x_wconf 89' lang='lat' dir='ltr'>Photii</span> <span class='ocrx_word' id='word_1_57' title='bbox 1017 1293 1191 1358; x_wconf 88' lang='lat' dir='ltr'>testimonia</span> <span class='ocrx_word' id='word_1_58' title='bbox 1216 1317 1320 1384; x_wconf 86' lang='lat' dir='ltr'>repu-</span> 
     </span>
     <span class='ocr_line' id='line_1_10' title="bbox 337 1405 1323 1497; baseline -0.012 -19"><span class='ocrx_word' id='word_1_59' title='bbox 337 1415 416 1478; x_wconf 90' lang='lat' dir='ltr'>tanti</span> <span class='ocrx_word' id='word_1_60' title='bbox 440 1413 573 1478; x_wconf 90' lang='lat' dir='ltr'>dubium</span> <span class='ocrx_word' id='word_1_61' title='bbox 597 1434 663 1476; x_wconf 89' lang='lat' dir='ltr'>esae</span> <span class='ocrx_word' id='word_1_62' title='bbox 686 1408 803 1492; x_wconf 82' lang='lat' dir='ltr'>nemini</span> <span class='ocrx_word' id='word_1_63' title='bbox 831 1419 952 1497; x_wconf 87' lang='lat' dir='ltr'>potest,</span> <span class='ocrx_word' id='word_1_64' title='bbox 983 1408 1058 1496; x_wconf 91' lang='lat' dir='ltr'>quin</span> <span class='ocrx_word' id='word_1_65' title='bbox 1083 1405 1120 1470; x_wconf 93' lang='lat' dir='ltr'>ad</span> <span class='ocrx_word' id='word_1_66' title='bbox 1145 1413 1323 1494; x_wconf 71' lang='grc' dir='ltr'><strong><em>Θοαμάωα</em></strong></span> 
     </span>
    </p>
   </div>
   <div class='ocr_carea' id='block_1_5' title="bbox 337 1521 1404 1616">
    <p class='ocr_par' dir='ltr' id='par_1_5' title="bbox 337 1521 1404 1616">
     <span class='ocr_line' id='line_1_11' title="bbox 337 1521 1404 1616; baseline -0.007 -23"><span class='ocrx_word' id='word_1_67' title='bbox 337 1526 484 1616; x_wconf 78' lang='lat' dir='ltr'><strong>respiciat</strong></span> <span class='ocrx_word' id='word_1_68' title='bbox 508 1525 647 1604; x_wconf 78' lang='lat' dir='ltr'>Taetaes,</span> <span class='ocrx_word' id='word_1_69' title='bbox 680 1523 735 1588; x_wconf 91' lang='lat' dir='ltr'>ubi</span> <span class='ocrx_word' id='word_1_70' title='bbox 758 1521 864 1588; x_wconf 77' lang='lat' dir='ltr'>Indiae</span> <span class='ocrx_word' id='word_1_71' title='bbox 887 1521 1036 1586; x_wconf 84' lang='lat' dir='ltr'>miracula</span> <span class='ocrx_word' id='word_1_72' title='bbox 1061 1523 1197 1610; x_wconf 85' lang='lat' dir='ltr'>exposita</span> <span class='ocrx_word' id='word_1_73' title='bbox 1216 1535 1324 1588; x_wconf 89' lang='lat' dir='ltr'>narrat</span> <span class='ocrx_word' id='word_1_74' title='bbox 1403 1551 1404 1600; x_wconf 67' lang='grc'>;</span> 
     </span>
    </p>
   </div>
   <div class='ocr_carea' id='block_1_6' title="bbox 337 1635 1325 1958">
    <p class='ocr_par' dir='ltr' id='par_1_6' title="bbox 337 1635 1325 1958">
     <span class='ocr_line' id='line_1_12' title="bbox 339 1635 1323 1730; baseline -0.008 -22"><span class='ocrx_word' id='word_1_75' title='bbox 339 1663 410 1708; x_wconf 90' lang='lat' dir='ltr'>eum</span> <span class='ocrx_word' id='word_1_76' title='bbox 435 1640 474 1705; x_wconf 89' lang='lat' dir='ltr'>ab</span> <span class='ocrx_word' id='word_1_77' title='bbox 497 1639 565 1704; x_wconf 87' lang='lat' dir='ltr'>aliis</span> <span class='ocrx_word' id='word_1_78' title='bbox 588 1639 749 1730; x_wconf 82' lang='lat' dir='ltr'><strong>plurimis,</strong></span> <span class='ocrx_word' id='word_1_79' title='bbox 779 1651 844 1702; x_wconf 90' lang='lat' dir='ltr'>tum</span> <span class='ocrx_word' id='word_1_80' title='bbox 868 1635 908 1701; x_wconf 89' lang='lat' dir='ltr'>ab</span> <span class='ocrx_word' id='word_1_81' title='bbox 931 1635 1149 1712; x_wconf 77' lang='lat' dir='ltr'>Alexandro,</span> <span class='ocrx_word' id='word_1_82' title='bbox 1170 1636 1323 1718; x_wconf 83' lang='lat' dir='ltr'>Sotione,</span> 
     </span>
     <span class='ocr_line' id='line_1_13' title="bbox 337 1747 1322 1842; baseline -0.006 -22"><span class='ocrx_word' id='word_1_83' title='bbox 337 1754 526 1842; x_wconf 77' lang='lat' dir='ltr'>Protagora,</span> <span class='ocrx_word' id='word_1_84' title='bbox 565 1751 767 1828; x_wconf 78' lang='lat' dir='ltr'>Aoestoride,</span> <span class='ocrx_word' id='word_1_85' title='bbox 800 1748 976 1814; x_wconf 83' lang='lat' dir='ltr'>Ptolemaeo</span> <span class='ocrx_word' id='word_1_86' title='bbox 1001 1747 1026 1814; x_wconf 83' lang='lat'>².</span> <span class='ocrx_word' id='word_1_87' title='bbox 1076 1751 1174 1835; x_wconf 82' lang='lat' dir='ltr'>Quem</span> <span class='ocrx_word' id='word_1_88' title='bbox 1209 1748 1322 1814; x_wconf 90' lang='lat' dir='ltr'>Ptole-</span> 
     </span>
     <span class='ocr_line' id='line_1_14' title="bbox 340 1862 1325 1958; baseline -0.006 -23"><span class='ocrx_word' id='word_1_89' title='bbox 340 1892 462 1935; x_wconf 89' lang='lat' dir='ltr'>maeum</span> <span class='ocrx_word' id='word_1_90' title='bbox 495 1869 565 1958; x_wconf 90' lang='lat' dir='ltr'>quis</span> <span class='ocrx_word' id='word_1_91' title='bbox 594 1890 655 1932; x_wconf 93' lang='lat' dir='ltr'>non</span> <span class='ocrx_word' id='word_1_92' title='bbox 685 1865 837 1952; x_wconf 75' lang='lat' dir='ltr'>intelligat</span> <span class='ocrx_word' id='word_1_93' title='bbox 862 1862 1027 1930; x_wconf 84' lang='lat' dir='ltr'>Chaunum</span> <span class='ocrx_word' id='word_1_94' title='bbox 1060 1887 1143 1941; x_wconf 87' lang='lat' dir='ltr'>esse,</span> <span class='ocrx_word' id='word_1_95' title='bbox 1178 1863 1325 1954; x_wconf 85' lang='lat' dir='ltr'>Hephae·</span> 
     </span>
    </p>
   </div>
   <div class='ocr_carea' id='block_1_7' title="bbox 338 1977 1404 2070">
    <p class='ocr_par' dir='ltr' id='par_1_7' title="bbox 338 1977 1404 2070">
     <span class='ocr_line' id='line_1_15' title="bbox 338 1977 1404 2070; baseline -0.005 -22"><span class='ocrx_word' id='word_1_96' title='bbox 338 1984 447 2048; x_wconf 85' lang='lat' dir='ltr'>ationis</span> <span class='ocrx_word' id='word_1_97' title='bbox 460 1981 571 2057; x_wconf 89' lang='lat' dir='ltr'>lilium,</span> <span class='ocrx_word' id='word_1_98' title='bbox 589 1981 643 2069; x_wconf 91' lang='lat' dir='ltr'>qui</span> <span class='ocrx_word' id='word_1_99' title='bbox 660 1983 691 2044; x_wconf 93' lang='lat' dir='ltr'>in</span> <span class='ocrx_word' id='word_1_100' title='bbox 705 1981 858 2070; x_wconf 81' lang='lat' dir='ltr'>excerptis</span> <span class='ocrx_word' id='word_1_101' title='bbox 875 1977 1035 2044; x_wconf 79' lang='lat' dir='ltr'>Plotianis</span> <span class='ocrx_word' id='word_1_102' title='bbox 1051 1993 1232 2068; x_wconf 86' lang='lat' dir='ltr'>excerptum</span> <span class='ocrx_word' id='word_1_103' title='bbox 1252 2002 1326 2069; x_wconf 84' lang='lat' dir='ltr'>sup·</span> <span class='ocrx_word' id='word_1_104' title='bbox 1403 2001 1404 2030; x_wconf 72' lang='lat' dir='ltr'>t</span> 
     </span>
    </p>
   </div>
   <div class='ocr_carea' id='block_1_8' title="bbox 338 2092 1326 2964">
    <p class='ocr_par' dir='ltr' id='par_1_8' title="bbox 338 2092 1326 2964">
     <span class='ocr_line' id='line_1_16' title="bbox 338 2092 1325 2188; baseline -0.005 -26"><span class='ocrx_word' id='word_1_105' title='bbox 338 2097 460 2188; x_wconf 87' lang='lat' dir='ltr'>peditat</span> <span class='ocrx_word' id='word_1_106' title='bbox 491 2093 660 2160; x_wconf 71' lang='lat' dir='ltr'>Alexandri</span> <span class='ocrx_word' id='word_1_107' title='bbox 691 2093 811 2182; x_wconf 72' lang='lat' dir='ltr'>Myndii</span> <span class='ocrx_word' id='word_1_108' title='bbox 835 2093 875 2159; x_wconf 94' lang='lat' dir='ltr'>de</span> <span class='ocrx_word' id='word_1_109' title='bbox 897 2092 1032 2159; x_wconf 84' lang='lat' dir='ltr'>dracone</span> <span class='ocrx_word' id='word_1_110' title='bbox 1063 2093 1207 2160; x_wconf 85' lang='lat' dir='ltr'>Herculis</span> <span class='ocrx_word' id='word_1_111' title='bbox 1238 2094 1325 2160; x_wconf 87' lang='lat' dir='ltr'>socio</span> 
     </span>
     <span class='ocr_line' id='line_1_17' title="bbox 339 2206 1325 2300; baseline -0.004 -22"><span class='ocrx_word' id='word_1_112' title='bbox 339 2214 372 2278; x_wconf 92' lang='lat' dir='ltr'>in</span> <span class='ocrx_word' id='word_1_113' title='bbox 397 2211 608 2300; x_wconf 73' lang='lat' dir='ltr'>oppugnando</span> <span class='ocrx_word' id='word_1_114' title='bbox 632 2209 720 2274; x_wconf 91' lang='lat' dir='ltr'>leone</span> <span class='ocrx_word' id='word_1_115' title='bbox 744 2208 896 2273; x_wconf 88' lang='lat' dir='ltr'>Nemeaeo</span> <span class='ocrx_word' id='word_1_116' title='bbox 914 2206 951 2272; x_wconf 65' lang='grc' dir='ltr'>’λ</span> <span class='ocrx_word' id='word_1_117' title='bbox 995 2207 1087 2294; x_wconf 78' lang='lat' dir='ltr'>Quod</span> <span class='ocrx_word' id='word_1_118' title='bbox 1112 2208 1325 2274; x_wconf 76' lang='lat' dir='ltr'>Alexandrum</span> 
     </span>
     <span class='ocr_line' id='line_1_18' title="bbox 339 2321 1326 2414; baseline -0.003 -22"><span class='ocrx_word' id='word_1_119' title='bbox 339 2325 519 2412; x_wconf 79' lang='lat' dir='ltr'>Mynda&#39;um</span> <span class='ocrx_word' id='word_1_120' title='bbox 544 2322 633 2402; x_wconf 82' lang='lat' dir='ltr'>dicit,</span> <span class='ocrx_word' id='word_1_121' title='bbox 659 2321 688 2388; x_wconf 92' lang='lat' dir='ltr'>id</span> <span class='ocrx_word' id='word_1_122' title='bbox 714 2323 902 2388; x_wconf 86' lang='lat' dir='ltr'>luculentius</span> <span class='ocrx_word' id='word_1_123' title='bbox 921 2323 1016 2389; x_wconf 88' lang='lat' dir='ltr'>etiam</span> <span class='ocrx_word' id='word_1_124' title='bbox 1034 2323 1147 2413; x_wconf 88' lang='lat' dir='ltr'>probat</span> <span class='ocrx_word' id='word_1_125' title='bbox 1169 2325 1239 2414; x_wconf 88' lang='lat' dir='ltr'>quis</span> <span class='ocrx_word' id='word_1_126' title='bbox 1257 2325 1326 2390; x_wconf 86' lang='lat' dir='ltr'>lue·</span> 
     </span>
     <span class='ocr_line' id='line_1_19' title="bbox 339 2437 1321 2528; baseline -0.007 -21"><span class='ocrx_word' id='word_1_127' title='bbox 339 2441 380 2505; x_wconf 85' lang='lat' dir='ltr'>rit</span> <span class='ocrx_word' id='word_1_128' title='bbox 405 2443 604 2524; x_wconf 74' lang='grc' dir='ltr'><strong><em>Θαυμασίων</em></strong></span> <span class='ocrx_word' id='word_1_129' title='bbox 629 2447 818 2522; x_wconf 77' lang='grc' dir='ltr'><strong><em>συναγωγῆς</em></strong></span> <span class='ocrx_word' id='word_1_130' title='bbox 834 2449 957 2501; x_wconf 80' lang='lat' dir='ltr'>auctor:</span> <span class='ocrx_word' id='word_1_131' title='bbox 975 2460 1045 2502; x_wconf 90' lang='lat' dir='ltr'>nam</span> <span class='ocrx_word' id='word_1_132' title='bbox 1059 2459 1093 2504; x_wconf 86' lang='lat' dir='ltr'>ex</span> <span class='ocrx_word' id='word_1_133' title='bbox 1112 2437 1179 2513; x_wconf 91' lang='lat' dir='ltr'>hao,</span> <span class='ocrx_word' id='word_1_134' title='bbox 1197 2439 1321 2528; x_wconf 82' lang='lat' dir='ltr'>opinor,</span> 
     </span>
     <span class='ocr_line' id='line_1_20' title="bbox 338 2550 1324 2643; baseline -0.005 -22"><span class='ocrx_word' id='word_1_135' title='bbox 338 2553 562 2643; x_wconf 88' lang='lat' dir='ltr'>depromptum</span> <span class='ocrx_word' id='word_1_136' title='bbox 583 2565 629 2618; x_wconf 88' lang='lat' dir='ltr'>eat</span> <span class='ocrx_word' id='word_1_137' title='bbox 653 2553 871 2642; x_wconf 56' lang='lat' dir='ltr'>fragmentum.</span> <span class='ocrx_word' id='word_1_138' title='bbox 886 2551 909 2642; x_wconf 63' lang='grc' dir='ltr'>ξ.</span> <span class='ocrx_word' id='word_1_139' title='bbox 955 2550 1101 2617; x_wconf 85' lang='lat' dir='ltr'>Ceterum</span> <span class='ocrx_word' id='word_1_140' title='bbox 1127 2553 1233 2641; x_wconf 91' lang='lat' dir='ltr'>prouti</span> <span class='ocrx_word' id='word_1_141' title='bbox 1253 2573 1324 2642; x_wconf 87' lang='lat' dir='ltr'>poa·</span> 
     </span>
     <span class='ocr_line' id='line_1_21' title="bbox 339 2664 1322 2756; baseline -0.003 -22"><span class='ocrx_word' id='word_1_142' title='bbox 339 2681 410 2734; x_wconf 86' lang='lat' dir='ltr'>aunt</span> <span class='ocrx_word' id='word_1_143' title='bbox 434 2668 562 2733; x_wconf 83' lang='lat' dir='ltr'>fortasse</span> <span class='ocrx_word' id='word_1_144' title='bbox 586 2664 622 2730; x_wconf 87' lang='lat' dir='ltr'>ad</span> <span class='ocrx_word' id='word_1_145' title='bbox 649 2672 822 2752; x_wconf 86' lang='grc' dir='ltr'><strong><em>Θαυμάοια</em></strong></span> <span class='ocrx_word' id='word_1_146' title='bbox 845 2667 956 2732; x_wconf 78' lang='lat' dir='ltr'>referri</span> <span class='ocrx_word' id='word_1_147' title='bbox 982 2689 1062 2755; x_wconf 88' lang='lat' dir='ltr'>quae</span> <span class='ocrx_word' id='word_1_148' title='bbox 1089 2668 1149 2732; x_wconf 90' lang='lat' dir='ltr'>alio</span> <span class='ocrx_word' id='word_1_149' title='bbox 1174 2667 1322 2756; x_wconf 88' lang='lat' dir='ltr'>equidem</span> 
     </span>
     <span class='ocr_line' id='line_1_22' title="bbox 340 2779 1323 2870; baseline -0.004 -22"><span class='ocrx_word' id='word_1_150' title='bbox 340 2783 447 2859; x_wconf 87' lang='lat' dir='ltr'>retuli,</span> <span class='ocrx_word' id='word_1_151' title='bbox 474 2783 516 2846; x_wconf 91' lang='lat' dir='ltr'>ita</span> <span class='ocrx_word' id='word_1_152' title='bbox 541 2804 588 2847; x_wconf 88' lang='lat' dir='ltr'>res</span> <span class='ocrx_word' id='word_1_153' title='bbox 606 2781 671 2870; x_wconf 89' lang='lat' dir='ltr'>ipsa</span> <span class='ocrx_word' id='word_1_154' title='bbox 692 2793 810 2857; x_wconf 87' lang='lat' dir='ltr'>monet,</span> <span class='ocrx_word' id='word_1_155' title='bbox 833 2794 868 2845; x_wconf 92' lang='lat' dir='ltr'>ut</span> <span class='ocrx_word' id='word_1_156' title='bbox 894 2779 977 2869; x_wconf 90' lang='lat' dir='ltr'>quod</span> <span class='ocrx_word' id='word_1_157' title='bbox 1003 2803 1091 2845; x_wconf 93' lang='lat' dir='ltr'>omen</span> <span class='ocrx_word' id='word_1_158' title='bbox 1109 2781 1204 2844; x_wconf 85' lang='lat' dir='ltr'>llario</span> <span class='ocrx_word' id='word_1_159' title='bbox 1229 2803 1323 2870; x_wconf 89' lang='lat' dir='ltr'>quar·</span> 
     </span>
     <span class='ocr_line' id='line_1_23' title="bbox 339 2893 1322 2964; baseline -0.006 0"><span class='ocrx_word' id='word_1_160' title='bbox 339 2911 406 2964; x_wconf 89' lang='lat' dir='ltr'>tum</span> <span class='ocrx_word' id='word_1_161' title='bbox 432 2896 560 2964; x_wconf 82' lang='lat' dir='ltr'>Consuli</span> <span class='ocrx_word' id='word_1_162' title='bbox 584 2895 723 2960; x_wconf 88' lang='lat' dir='ltr'>oblatum</span> <span class='ocrx_word' id='word_1_163' title='bbox 749 2893 844 2958; x_wconf 88' lang='lat' dir='ltr'>tradit</span> <span class='ocrx_word' id='word_1_164' title='bbox 875 2893 1061 2960; x_wconf 85' lang='lat' dir='ltr'>Plutarchus</span> <span class='ocrx_word' id='word_1_165' title='bbox 1083 2915 1122 2960; x_wconf 85' lang='lat' dir='ltr'>ex</span> <span class='ocrx_word' id='word_1_166' title='bbox 1144 2893 1322 2959; x_wconf 78' lang='lat' dir='ltr'>Alexandro</span> 
     </span>
    </p>
   </div>
   <div class='ocr_carea' id='block_1_9' title="bbox 337 3002 1321 3210">
    <p class='ocr_par' dir='ltr' id='par_1_9' title="bbox 337 3002 1321 3210">
     <span class='ocr_line' id='line_1_24' title="bbox 337 3002 1321 3099; baseline -0.028 -3"><span class='ocrx_word' id='word_1_167' title='bbox 337 3010 479 3099; x_wconf 68' lang='lat' dir='ltr'>Mlfldl⁰o</span> <span class='ocrx_word' id='word_1_168' title='bbox 502 3015 539 3080; x_wconf 57' lang='grc' dir='ltr'>’τὸ</span> <span class='ocrx_word' id='word_1_169' title='bbox 569 3015 644 3095; x_wconf 68' lang='grc' dir='ltr'>περὶ</span> <span class='ocrx_word' id='word_1_170' title='bbox 671 3014 747 3086; x_wconf 72' lang='lat' dir='ltr'>roda</span> <span class='ocrx_word' id='word_1_171' title='bbox 778 3018 885 3092; x_wconf 79' lang='grc' dir='ltr'><strong><em>γῦπας</em></strong></span> <span class='ocrx_word' id='word_1_172' title='bbox 915 3015 1086 3093; x_wconf 78' lang='grc' dir='ltr'><strong><em>θαύματος</em></strong></span> <span class='ocrx_word' id='word_1_173' title='bbox 1113 3005 1265 3086; x_wconf 57' lang='lat' dir='ltr'>etam,</span> <span class='ocrx_word' id='word_1_174' title='bbox 1291 3002 1321 3069; x_wconf 89' lang='lat' dir='ltr'>id</span> 
     </span>
     <span class='ocr_line' id='line_1_25' title="bbox 337 3121 1321 3210; baseline -0.015 -14"><span class='ocrx_word' id='word_1_175' title='bbox 337 3125 368 3190; x_wconf 83' lang='lat' dir='ltr'>itt</span> <span class='ocrx_word' id='word_1_176' title='bbox 394 3129 594 3210; x_wconf 71' lang='grc' dir='ltr'><strong><em>Θαυμασίοις</em></strong></span> <span class='ocrx_word' id='word_1_177' title='bbox 618 3137 797 3190; x_wconf 87' lang='lat' dir='ltr'>enarratum</span> <span class='ocrx_word' id='word_1_178' title='bbox 828 3125 920 3190; x_wconf 85' lang='lat' dir='ltr'>luisse</span> <span class='ocrx_word' id='word_1_179' title='bbox 945 3136 1116 3190; x_wconf 85' lang='lat' dir='ltr'>statuamus</span> <span class='ocrx_word' id='word_1_180' title='bbox 1142 3121 1165 3191; x_wconf 79' lang='lat'>⁸.</span> <span class='ocrx_word' id='word_1_181' title='bbox 1215 3123 1321 3190; x_wconf 76' lang='lat' dir='ltr'>Exstat</span> 
     </span>
    </p>
   </div>
   <div class='ocr_carea' id='block_1_10' title="bbox 349 3267 488 3281">
    <p class='ocr_par' dir='ltr' id='par_1_10' title="bbox 349 3267 488 3281">
     <span class='ocr_line' id='line_1_26' title="bbox 349 3267 488 3281; baseline 0 -3"><span class='ocrx_word' id='word_1_182' title='bbox 349 3267 488 3281; x_wconf 56' lang='lat'>„—</span> 
     </span>
    </p>
   </div>
   <div class='ocr_carea' id='block_1_11' title="bbox 333 3357 1321 4180">
    <p class='ocr_par' dir='ltr' id='par_1_11' title="bbox 369 3357 1136 3427">
     <span class='ocr_line' id='line_1_27' title="bbox 369 3357 1136 3427; baseline -0.003 -18"><span class='ocrx_word' id='word_1_183' title='bbox 369 3357 627 3427; x_wconf 75' lang='lat' dir='ltr'>¹)p.llda22.-²l</span> <span class='ocrx_word' id='word_1_184' title='bbox 647 3361 713 3410; x_wconf 76' lang='lat' dir='ltr'>C&#39;ls&#39;l.</span> <span class='ocrx_word' id='word_1_185' title='bbox 733 3361 783 3409; x_wconf 77' lang='lat' dir='ltr'>ttt.</span> <span class='ocrx_word' id='word_1_186' title='bbox 796 3358 847 3409; x_wconf 73' lang='lat'>644</span> <span class='ocrx_word' id='word_1_187' title='bbox 857 3375 907 3424; x_wconf 81' lang='lat' dir='ltr'>sqq.</span> <span class='ocrx_word' id='word_1_188' title='bbox 925 3361 959 3410; x_wconf 82' lang='lat' dir='ltr'>Gi.</span> <span class='ocrx_word' id='word_1_189' title='bbox 978 3373 1045 3422; x_wconf 76' lang='lat' dir='ltr'>supro</span> <span class='ocrx_word' id='word_1_190' title='bbox 1062 3360 1076 3426; x_wconf 62' lang='lat' dir='ltr'>p</span> <span class='ocrx_word' id='word_1_191' title='bbox 1096 3357 1136 3408; x_wconf 82' lang='lat'>12.</span> 
     </span>
    </p>

    <p class='ocr_par' dir='ltr' id='par_1_12' title="bbox 371 3452 758 3522">
     <span class='ocr_line' id='line_1_28' title="bbox 371 3452 758 3522; baseline 0.003 -18"><span class='ocrx_word' id='word_1_192' title='bbox 371 3454 395 3522; x_wconf 76' lang='lat'>³)</span> <span class='ocrx_word' id='word_1_193' title='bbox 412 3456 429 3506; x_wconf 91' lang='lat' dir='ltr'>l.</span> <span class='ocrx_word' id='word_1_194' title='bbox 445 3455 463 3504; x_wconf 91' lang='lat' dir='ltr'>l.</span> <span class='ocrx_word' id='word_1_195' title='bbox 485 3452 542 3505; x_wconf 78' lang='lat'>190.</span> <span class='ocrx_word' id='word_1_196' title='bbox 559 3473 582 3518; x_wconf 81' lang='lat' dir='ltr'>p,</span> <span class='ocrx_word' id='word_1_197' title='bbox 599 3453 649 3504; x_wconf 73' lang='lat'>1⁴7</span> <span class='ocrx_word' id='word_1_198' title='bbox 674 3455 698 3502; x_wconf 79' lang='lat' dir='ltr'>b.</span> <span class='ocrx_word' id='word_1_199' title='bbox 716 3453 758 3505; x_wconf 80' lang='lat'>23.</span> 
     </span>
    </p>

    <p class='ocr_par' dir='ltr' id='par_1_13' title="bbox 333 3545 1321 3990">
     <span class='ocr_line' id='line_1_29' title="bbox 371 3545 1321 3613; baseline -0.006 -15"><span class='ocrx_word' id='word_1_200' title='bbox 371 3549 395 3613; x_wconf 73' lang='lat'>⁴)</span> <span class='ocrx_word' id='word_1_201' title='bbox 412 3549 450 3598; x_wconf 81' lang='lat' dir='ltr'>sia</span> <span class='ocrx_word' id='word_1_202' title='bbox 466 3547 570 3596; x_wconf 83' lang='lat' dir='ltr'>eximitur</span> <span class='ocrx_word' id='word_1_203' title='bbox 586 3548 626 3612; x_wconf 84' lang='lat' dir='ltr'>qui</span> <span class='ocrx_word' id='word_1_204' title='bbox 643 3549 711 3610; x_wconf 76' lang='lat' dir='ltr'>possit</span> <span class='ocrx_word' id='word_1_205' title='bbox 727 3565 842 3612; x_wconf 78' lang='lat' dir='ltr'>supeream</span> <span class='ocrx_word' id='word_1_206' title='bbox 860 3548 916 3597; x_wconf 77' lang='lat' dir='ltr'>viri·</span> <span class='ocrx_word' id='word_1_207' title='bbox 935 3546 1009 3597; x_wconf 74' lang='lat' dir='ltr'>Bootis</span> <span class='ocrx_word' id='word_1_208' title='bbox 1026 3549 1153 3612; x_wconf 67' lang='lat' dir='ltr'>nampulo,</span> <span class='ocrx_word' id='word_1_209' title='bbox 1166 3545 1321 3596; x_wconf 74' lang='lat' dir='ltr'>dubitantium</span> 
     </span>
     <span class='ocr_line' id='line_1_30' title="bbox 337 3641 1318 3706; baseline -0.003 -15"><span class='ocrx_word' id='word_1_210' title='bbox 337 3660 393 3691; x_wconf 85' lang='lat' dir='ltr'>nuru</span> <span class='ocrx_word' id='word_1_211' title='bbox 410 3643 468 3692; x_wconf 77' lang='lat' dir='ltr'>forte</span> <span class='ocrx_word' id='word_1_212' title='bbox 485 3641 526 3690; x_wconf 82' lang='lat' dir='ltr'>alii</span> <span class='ocrx_word' id='word_1_213' title='bbox 544 3642 690 3700; x_wconf 73' lang='lat' dir='ltr'>Alexandro,</span> <span class='ocrx_word' id='word_1_214' title='bbox 709 3643 772 3691; x_wconf 73' lang='lat' dir='ltr'>salut</span> <span class='ocrx_word' id='word_1_215' title='bbox 789 3643 889 3706; x_wconf 82' lang='lat' dir='ltr'>Paphio,</span> <span class='ocrx_word' id='word_1_216' title='bbox 916 3641 1065 3706; x_wconf 75' lang='grc' dir='ltr'><strong><em>Θαυμάσαι</em></strong></span> <span class='ocrx_word' id='word_1_217' title='bbox 1088 3642 1236 3691; x_wconf 74' lang='lat' dir='ltr'>adscribenda</span> <span class='ocrx_word' id='word_1_218' title='bbox 1261 3642 1318 3695; x_wconf 80' lang='lat' dir='ltr'>oint;</span> 
     </span>
     <span class='ocr_line' id='line_1_31' title="bbox 335 3735 1318 3803; baseline -0.003 -21"><span class='ocrx_word' id='word_1_219' title='bbox 335 3752 433 3800; x_wconf 81' lang='lat' dir='ltr'>quorun</span> <span class='ocrx_word' id='word_1_220' title='bbox 450 3745 484 3784; x_wconf 83' lang='lat' dir='ltr'>est</span> <span class='ocrx_word' id='word_1_221' title='bbox 501 3737 684 3784; x_wconf 70' lang='lat' dir='ltr'>wenerannus</span> <span class='ocrx_word' id='word_1_222' title='bbox 703 3735 721 3784; x_wconf 90' lang='lat' dir='ltr'>l.</span> <span class='ocrx_word' id='word_1_223' title='bbox 738 3735 755 3786; x_wconf 88' lang='lat' dir='ltr'>l.</span> <span class='ocrx_word' id='word_1_224' title='bbox 773 3753 794 3799; x_wconf 92' lang='lat' dir='ltr'>p.</span> <span class='ocrx_word' id='word_1_225' title='bbox 813 3737 897 3786; x_wconf 76' lang='lat' dir='ltr'>XVlll.</span> <span class='ocrx_word' id='word_1_226' title='bbox 932 3738 1006 3803; x_wconf 82' lang='lat' dir='ltr'>Quid,</span> <span class='ocrx_word' id='word_1_227' title='bbox 1032 3737 1094 3802; x_wconf 74' lang='lat' dir='ltr'>quod</span> <span class='ocrx_word' id='word_1_228' title='bbox 1119 3737 1191 3799; x_wconf 75' lang='lat' dir='ltr'>ipsura</span> <span class='ocrx_word' id='word_1_229' title='bbox 1208 3735 1318 3784; x_wconf 75' lang='lat' dir='ltr'>silentium</span> 
     </span>
     <span class='ocr_line' id='line_1_32' title="bbox 337 3828 1318 3896; baseline -0.006 -17"><span class='ocrx_word' id='word_1_230' title='bbox 337 3828 413 3879; x_wconf 79' lang='lat' dir='ltr'>Plautii</span> <span class='ocrx_word' id='word_1_231' title='bbox 428 3828 456 3876; x_wconf 87' lang='lat' dir='ltr'>de</span> <span class='ocrx_word' id='word_1_232' title='bbox 475 3828 642 3890; x_wconf 69' lang='grc' dir='ltr'><strong><em>Θαυμασίων</em></strong></span> <span class='ocrx_word' id='word_1_233' title='bbox 661 3833 805 3896; x_wconf 73' lang='grc' dir='ltr'><strong><em>συναγωγῇ</em></strong></span> <span class='ocrx_word' id='word_1_234' title='bbox 827 3831 937 3879; x_wconf 86' lang='lat' dir='ltr'>iudicium</span> <span class='ocrx_word' id='word_1_235' title='bbox 962 3831 1054 3880; x_wconf 81' lang='lat' dir='ltr'>ferentis</span> <span class='ocrx_word' id='word_1_236' title='bbox 1071 3831 1151 3894; x_wconf 78' lang='lat' dir='ltr'>probat</span> <span class='ocrx_word' id='word_1_237' title='bbox 1167 3829 1195 3878; x_wconf 84' lang='lat' dir='ltr'>de</span> <span class='ocrx_word' id='word_1_238' title='bbox 1215 3829 1318 3893; x_wconf 77' lang='lat' dir='ltr'>xoriptore</span> 
     </span>
     <span class='ocr_line' id='line_1_33' title="bbox 333 3921 1239 3990; baseline -0.002 -18"><span class='ocrx_word' id='word_1_239' title='bbox 333 3924 480 3990; x_wconf 65' lang='lat' dir='ltr'>aspirandum</span> <span class='ocrx_word' id='word_1_240' title='bbox 496 3939 544 3972; x_wconf 81' lang='lat' dir='ltr'>esse</span> <span class='ocrx_word' id='word_1_241' title='bbox 561 3925 687 3987; x_wconf 75' lang='lat' dir='ltr'>notissimo,</span> <span class='ocrx_word' id='word_1_242' title='bbox 704 3925 780 3988; x_wconf 79' lang='lat' dir='ltr'>qualis</span> <span class='ocrx_word' id='word_1_243' title='bbox 795 3941 843 3973; x_wconf 89' lang='lat' dir='ltr'>uon</span> <span class='ocrx_word' id='word_1_244' title='bbox 862 3924 958 3988; x_wconf 78' lang='lat' dir='ltr'>Paphios</span> <span class='ocrx_word' id='word_1_245' title='bbox 975 3925 1027 3989; x_wconf 82' lang='lat' dir='ltr'>tait,</span> <span class='ocrx_word' id='word_1_246' title='bbox 1044 3925 1084 3974; x_wconf 83' lang='lat' dir='ltr'>sed</span> <span class='ocrx_word' id='word_1_247' title='bbox 1098 3921 1239 3972; x_wconf 76' lang='lat' dir='ltr'>Cornelius?</span> 
     </span>
    </p>

    <p class='ocr_par' dir='ltr' id='par_1_14' title="bbox 372 4017 640 4082">
     <span class='ocr_line' id='line_1_34' title="bbox 372 4017 640 4082; baseline 0.011 -16"><span class='ocrx_word' id='word_1_248' title='bbox 372 4017 394 4082; x_wconf 78' lang='lat'>⁵)</span> <span class='ocrx_word' id='word_1_249' title='bbox 417 4019 465 4066; x_wconf 76' lang='lat' dir='ltr'>Vit.</span> <span class='ocrx_word' id='word_1_250' title='bbox 483 4017 550 4067; x_wconf 75' lang='lat' dir='ltr'>Mur.</span> <span class='ocrx_word' id='word_1_251' title='bbox 568 4017 640 4069; x_wconf 80' lang='lat' dir='ltr'>xvrt.</span> 
     </span>
    </p>

    <p class='ocr_par' dir='ltr' id='par_1_15' title="bbox 369 4101 1315 4180">
     <span class='ocr_line' id='line_1_35' title="bbox 369 4101 1315 4180; baseline -0.004 -18"><span class='ocrx_word' id='word_1_252' title='bbox 369 4109 393 4178; x_wconf 78' lang='lat'>⁸)</span> <span class='ocrx_word' id='word_1_253' title='bbox 410 4111 462 4162; x_wconf 81' lang='lat' dir='ltr'>Nou</span> <span class='ocrx_word' id='word_1_254' title='bbox 479 4111 544 4162; x_wconf 80' lang='lat' dir='ltr'>aliter</span> <span class='ocrx_word' id='word_1_255' title='bbox 561 4111 633 4162; x_wconf 77' lang='lat' dir='ltr'>sentio</span> <span class='ocrx_word' id='word_1_256' title='bbox 650 4112 679 4162; x_wconf 86' lang='lat' dir='ltr'>de</span> <span class='ocrx_word' id='word_1_257' title='bbox 695 4111 768 4163; x_wconf 78' lang='lat' dir='ltr'>tribas</span> <span class='ocrx_word' id='word_1_258' title='bbox 784 4112 841 4163; x_wconf 76' lang='lat' dir='ltr'>loois</span> <span class='ocrx_word' id='word_1_259' title='bbox 857 4111 1077 4180; x_wconf 82' lang='lat' dir='ltr'>Plinianir,quuruua</span> <span class='ocrx_word' id='word_1_260' title='bbox 1090 4112 1175 4178; x_wconf 77' lang='lat' dir='ltr'>primos</span> <span class='ocrx_word' id='word_1_261' title='bbox 1185 4101 1315 4163; x_wconf 66' lang='lat' dir='ltr'>eathfir</span> 
     </span>
    </p>
   </div>
   <div class='ocr_carea' id='block_1_12' title="bbox 0 0 1465 4902">
    <p class='ocr_par' dir='ltr' id='par_1_16' title="bbox 0 0 1465 4902">
     <span class='ocr_line' id='line_1_36' title="bbox 0 0 1465 4902; baseline 0 0"><span class='ocrx_word' id='word_1_262' title='bbox 0 0 1465 4902; x_wconf 95' lang='lat' dir='ltr'> </span> 
     </span>
    </p>
   </div>
  </div>
 </body>
</html>
