<?xml version="1.0" encoding="UTF-8"?>
<!DOCTYPE html PUBLIC "-//W3C//DTD XHTML 1.0 Transitional//EN"
    "http://www.w3.org/TR/xhtml1/DTD/xhtml1-transitional.dtd">
<html xmlns="http://www.w3.org/1999/xhtml" xml:lang="en" lang="en">
 <head>
  <title>
</title>
<meta http-equiv="Content-Type" content="text/html;charset=utf-8" />
  <meta name='ocr-system' content='tesseract 3.04.00' />
  <meta name='ocr-capabilities' content='ocr_page ocr_carea ocr_par ocr_line ocrx_word'/>
</head>
<body>
  <div class='ocr_page' id='page_1' title='image "./miscellaneaphil00paedgoog_0031.png"; bbox 0 0 2862 4894; ppageno 0'>
   <div class='ocr_carea' id='block_1_1' title="bbox 775 255 815 317">
    <p class='ocr_par' dir='ltr' id='par_1_1' title="bbox 775 255 815 317">
     <span class='ocr_line' id='line_1_1' title="bbox 775 255 815 317; baseline 0.025 -1"><span class='ocrx_word' id='word_1_1' title='bbox 775 255 815 317; x_wconf 83' lang='grc'>16</span> 
     </span>
    </p>
   </div>
   <div class='ocr_carea' id='block_1_2' title="bbox 301 436 1373 864">
    <p class='ocr_par' dir='ltr' id='par_1_2' title="bbox 301 436 1371 652">
     <span class='ocr_line' id='line_1_2' title="bbox 301 436 1370 538; baseline -0.003 -29"><span class='ocrx_word' id='word_1_2' title='bbox 301 455 396 533; x_wconf 85' lang='lat' dir='ltr'>atque</span> <span class='ocrx_word' id='word_1_3' title='bbox 418 438 535 529; x_wconf 89' lang='lat' dir='ltr'>ingenii</span> <span class='ocrx_word' id='word_1_4' title='bbox 552 439 745 528; x_wconf 77' lang='lat' dir='ltr'>peregrinata</span> <span class='ocrx_word' id='word_1_5' title='bbox 768 437 871 502; x_wconf 90' lang='lat' dir='ltr'>abluit</span> <span class='ocrx_word' id='word_1_6' title='bbox 902 436 943 500; x_wconf 85' lang='lat' dir='ltr'>ab</span> <span class='ocrx_word' id='word_1_7' title='bbox 967 437 1065 502; x_wconf 82' lang='lat' dir='ltr'>oculis</span> <span class='ocrx_word' id='word_1_8' title='bbox 1084 451 1114 504; x_wconf 91' lang='lat' dir='ltr'>et</span> <span class='ocrx_word' id='word_1_9' title='bbox 1145 439 1216 519; x_wconf 88' lang='lat' dir='ltr'>lori,</span> <span class='ocrx_word' id='word_1_10' title='bbox 1253 454 1289 506; x_wconf 93' lang='lat' dir='ltr'>et</span> <span class='ocrx_word' id='word_1_11' title='bbox 1360 469 1370 538; x_wconf 79' lang='lat'>1</span> 
     </span>
     <span class='ocr_line' id='line_1_3' title="bbox 306 557 1371 652; baseline -0.005 -28"><span class='ocrx_word' id='word_1_12' title='bbox 306 557 421 624; x_wconf 82' lang='lat' dir='ltr'>curiae.</span> <span class='ocrx_word' id='word_1_13' title='bbox 1347 587 1371 652; x_wconf 60' lang='lat' dir='ltr'>,p</span> 
     </span>
    </p>

    <p class='ocr_par' dir='ltr' id='par_1_3' title="bbox 306 665 1373 864">
     <span class='ocr_line' id='line_1_4' title="bbox 349 665 1373 766; baseline -0.003 -30"><span class='ocrx_word' id='word_1_14' title='bbox 349 667 410 736; x_wconf 92' lang='lat' dir='ltr'>Sed</span> <span class='ocrx_word' id='word_1_15' title='bbox 429 667 439 707; x_wconf 92' lang='lat'><strong>¹</strong></span> <span class='ocrx_word' id='word_1_16' title='bbox 467 665 507 734; x_wconf 88' lang='lat' dir='ltr'>ad</span> <span class='ocrx_word' id='word_1_17' title='bbox 529 689 599 734; x_wconf 86' lang='lat' dir='ltr'>eam</span> <span class='ocrx_word' id='word_1_18' title='bbox 623 679 744 757; x_wconf 83' lang='lat' dir='ltr'>partem</span> <span class='ocrx_word' id='word_1_19' title='bbox 766 666 938 750; x_wconf 87' lang='lat' dir='ltr'>sermonis,</span> <span class='ocrx_word' id='word_1_20' title='bbox 961 687 997 732; x_wconf 87' lang='lat' dir='ltr'>er</span> <span class='ocrx_word' id='word_1_21' title='bbox 1022 687 1083 756; x_wconf 87' lang='lat' dir='ltr'>qua</span> <span class='ocrx_word' id='word_1_22' title='bbox 1104 668 1214 756; x_wconf 88' lang='lat' dir='ltr'>egressi</span> <span class='ocrx_word' id='word_1_23' title='bbox 1235 689 1291 733; x_wconf 84' lang='lat' dir='ltr'>su·</span> <span class='ocrx_word' id='word_1_24' title='bbox 1351 727 1373 766; x_wconf 41' lang='lat' dir='ltr'>q</span> 
     </span>
     <span class='ocr_line' id='line_1_5' title="bbox 306 783 1358 864; baseline -0.01 -13"><span class='ocrx_word' id='word_1_25' title='bbox 306 807 395 864; x_wconf 88' lang='lat' dir='ltr'>mua,</span> <span class='ocrx_word' id='word_1_26' title='bbox 417 794 626 850; x_wconf 76' lang='lat' dir='ltr'>scrutamur.</span> <span class='ocrx_word' id='word_1_27' title='bbox 1355 783 1358 788; x_wconf 82' lang='lat'>&#39;</span> 
     </span>
    </p>
   </div>
   <div class='ocr_carea' id='block_1_3' title="bbox 302 1008 1384 1903">
    <p class='ocr_par' dir='ltr' id='par_1_4' title="bbox 302 1008 1384 1903">
     <span class='ocr_line' id='line_1_6' title="bbox 348 1008 1293 1101; baseline -0.003 -22"><span class='ocrx_word' id='word_1_28' title='bbox 348 1011 407 1079; x_wconf 81' lang='lat' dir='ltr'>lx.</span> <span class='ocrx_word' id='word_1_29' title='bbox 431 1014 484 1077; x_wconf 80' lang='lat'>34.</span> <span class='ocrx_word' id='word_1_30' title='bbox 509 1008 607 1100; x_wconf 77' lang='lat' dir='ltr'>Ego²</span> <span class='ocrx_word' id='word_1_31' title='bbox 634 1010 807 1077; x_wconf 78' lang='lat' dir='ltr'>Antonium</span> <span class='ocrx_word' id='word_1_32' title='bbox 838 1009 1010 1100; x_wconf 77' lang='lat' dir='ltr'>collegam,</span> <span class='ocrx_word' id='word_1_33' title='bbox 1039 1009 1189 1100; x_wconf 84' lang='lat' dir='ltr'>cupidum</span> <span class='ocrx_word' id='word_1_34' title='bbox 1213 1033 1293 1101; x_wconf 79' lang='lat' dir='ltr'>pro-</span> 
     </span>
     <span class='ocr_line' id='line_1_7' title="bbox 305 1123 1293 1215; baseline 0.001 -25"><span class='ocrx_word' id='word_1_35' title='bbox 305 1126 446 1205; x_wconf 82' lang='lat' dir='ltr'>vinciae,</span> <span class='ocrx_word' id='word_1_36' title='bbox 479 1123 579 1190; x_wconf 90' lang='lat' dir='ltr'>multa</span> <span class='ocrx_word' id='word_1_37' title='bbox 610 1125 641 1189; x_wconf 90' lang='lat' dir='ltr'>iu</span> <span class='ocrx_word' id='word_1_38' title='bbox 672 1147 706 1190; x_wconf 87' lang='lat' dir='ltr'>re</span> <span class='ocrx_word' id='word_1_39' title='bbox 737 1124 865 1212; x_wconf 88' lang='lat' dir='ltr'>publiea</span> <span class='ocrx_word' id='word_1_40' title='bbox 900 1123 1100 1203; x_wconf 78' lang='lat' dir='ltr'><strong>molientem,</strong></span> <span class='ocrx_word' id='word_1_41' title='bbox 1135 1126 1293 1215; x_wconf 87' lang='lat' dir='ltr'>patientia</span> 
     </span>
     <span class='ocr_line' id='line_1_8' title="bbox 304 1237 1381 1346; baseline 0.003 -38"><span class='ocrx_word' id='word_1_42' title='bbox 304 1255 399 1333; x_wconf 82' lang='lat' dir='ltr'>atque</span> <span class='ocrx_word' id='word_1_43' title='bbox 423 1241 574 1330; x_wconf 87' lang='lat' dir='ltr'>obsequio</span> <span class='ocrx_word' id='word_1_44' title='bbox 598 1263 667 1306; x_wconf 90' lang='lat' dir='ltr'>meo</span> <span class='ocrx_word' id='word_1_45' title='bbox 691 1241 846 1330; x_wconf 88' lang='lat' dir='ltr'>mitigari.</span> <span class='ocrx_word' id='word_1_46' title='bbox 894 1240 942 1308; x_wconf 84' lang='lat' dir='ltr'>lle</span> <span class='ocrx_word' id='word_1_47' title='bbox 957 1237 972 1276; x_wconf 69' lang='lat'>&#39;³</span> <span class='ocrx_word' id='word_1_48' title='bbox 998 1263 1061 1330; x_wconf 90' lang='lat' dir='ltr'>qno</span> <span class='ocrx_word' id='word_1_49' title='bbox 1085 1239 1166 1306; x_wconf 89' lang='lat' dir='ltr'>nibil</span> <span class='ocrx_word' id='word_1_50' title='bbox 1193 1239 1290 1325; x_wconf 88' lang='lat' dir='ltr'>dieo,</span> <span class='ocrx_word' id='word_1_51' title='bbox 1365 1280 1381 1346; x_wconf 64' lang='lat' dir='ltr'>q</span> 
     </span>
     <span class='ocr_line' id='line_1_9' title="bbox 305 1353 1382 1462; baseline 0.002 -42"><span class='ocrx_word' id='word_1_52' title='bbox 305 1369 429 1445; x_wconf 88' lang='lat' dir='ltr'>praeter</span> <span class='ocrx_word' id='word_1_53' title='bbox 454 1377 570 1421; x_wconf 89' lang='lat' dir='ltr'>unum:</span> <span class='ocrx_word' id='word_1_54' title='bbox 593 1377 754 1445; x_wconf 89' lang='lat' dir='ltr'>nunquam</span> <span class='ocrx_word' id='word_1_55' title='bbox 774 1353 862 1420; x_wconf 90' lang='lat' dir='ltr'>illum</span> <span class='ocrx_word' id='word_1_56' title='bbox 889 1354 922 1418; x_wconf 90' lang='lat' dir='ltr'>in</span> <span class='ocrx_word' id='word_1_57' title='bbox 950 1354 1004 1420; x_wconf 92' lang='lat' dir='ltr'>illo</span> <span class='ocrx_word' id='word_1_58' title='bbox 1030 1377 1152 1421; x_wconf 89' lang='lat' dir='ltr'>summo</span> <span class='ocrx_word' id='word_1_59' title='bbox 1177 1356 1293 1422; x_wconf 83' lang='lat' dir='ltr'>timore</span> <span class='ocrx_word' id='word_1_60' title='bbox 1366 1393 1382 1462; x_wconf 69' lang='lat'>&#39;1</span> 
     </span>
     <span class='ocr_line' id='line_1_10' title="bbox 304 1469 1384 1578; baseline -0.002 -44"><span class='ocrx_word' id='word_1_61' title='bbox 304 1492 340 1536; x_wconf 88' lang='lat' dir='ltr'>ac</span> <span class='ocrx_word' id='word_1_62' title='bbox 365 1470 505 1560; x_wconf 88' lang='lat' dir='ltr'>periculo</span> <span class='ocrx_word' id='word_1_63' title='bbox 529 1470 684 1550; x_wconf 78' lang='lat' dir='ltr'>ciuitatis,</span> <span class='ocrx_word' id='word_1_64' title='bbox 710 1491 812 1558; x_wconf 89' lang='lat' dir='ltr'>neque</span> <span class='ocrx_word' id='word_1_65' title='bbox 828 1491 1028 1534; x_wconf 87' lang='lat' dir='ltr'>communem</span> <span class='ocrx_word' id='word_1_66' title='bbox 1048 1481 1167 1535; x_wconf 88' lang='lat' dir='ltr'>metum</span> <span class='ocrx_word' id='word_1_67' title='bbox 1188 1469 1290 1534; x_wconf 90' lang='lat' dir='ltr'>omni·</span> <span class='ocrx_word' id='word_1_68' title='bbox 1373 1517 1384 1578; x_wconf 46' lang='lat' dir='ltr'>n.</span> 
     </span>
     <span class='ocr_line' id='line_1_11' title="bbox 304 1581 1288 1675; baseline -0.001 -26"><span class='ocrx_word' id='word_1_69' title='bbox 304 1606 369 1662; x_wconf 93' lang='lat' dir='ltr'>um,</span> <span class='ocrx_word' id='word_1_70' title='bbox 383 1607 486 1674; x_wconf 87' lang='lat' dir='ltr'>neque</span> <span class='ocrx_word' id='word_1_71' title='bbox 505 1585 665 1675; x_wconf 91' lang='lat' dir='ltr'>propriam</span> <span class='ocrx_word' id='word_1_72' title='bbox 682 1583 906 1650; x_wconf 87' lang='lat' dir='ltr'>nonnullorum</span> <span class='ocrx_word' id='word_1_73' title='bbox 922 1581 962 1649; x_wconf 88' lang='lat' dir='ltr'>de</span> <span class='ocrx_word' id='word_1_74' title='bbox 979 1584 1047 1672; x_wconf 91' lang='lat' dir='ltr'>ipso</span> <span class='ocrx_word' id='word_1_75' title='bbox 1066 1583 1288 1673; x_wconf 86' lang='lat' dir='ltr'>suspicionem,</span> 
     </span>
     <span class='ocr_line' id='line_1_12' title="bbox 303 1695 1286 1776; baseline -0.001 -12"><span class='ocrx_word' id='word_1_76' title='bbox 303 1711 357 1764; x_wconf 93' lang='lat' dir='ltr'>aut</span> <span class='ocrx_word' id='word_1_77' title='bbox 377 1699 542 1766; x_wconf 77' lang='lat' dir='ltr'>infitiando</span> <span class='ocrx_word' id='word_1_78' title='bbox 559 1699 686 1776; x_wconf 86' lang='lat' dir='ltr'>tollore,</span> <span class='ocrx_word' id='word_1_79' title='bbox 704 1710 758 1764; x_wconf 88' lang='lat' dir='ltr'>aut</span> <span class='ocrx_word' id='word_1_80' title='bbox 774 1695 1001 1764; x_wconf 87' lang='lat' dir='ltr'>dissimulando</span> <span class='ocrx_word' id='word_1_81' title='bbox 1021 1697 1128 1764; x_wconf 87' lang='lat' dir='ltr'>sedare</span> <span class='ocrx_word' id='word_1_82' title='bbox 1147 1698 1286 1766; x_wconf 84' lang='lat' dir='ltr'>soluisse.</span> 
     </span>
     <span class='ocr_line' id='line_1_13' title="bbox 302 1810 1287 1903; baseline -0.001 -26"><span class='ocrx_word' id='word_1_83' title='bbox 302 1811 338 1877; x_wconf 93' lang='lat' dir='ltr'>ln</span> <span class='ocrx_word' id='word_1_84' title='bbox 359 1835 422 1903; x_wconf 94' lang='lat' dir='ltr'>quo</span> <span class='ocrx_word' id='word_1_85' title='bbox 443 1813 563 1902; x_wconf 77' lang='lat' dir='ltr'>collega</span> <span class='ocrx_word' id='word_1_86' title='bbox 585 1810 766 1879; x_wconf 87' lang='lat' dir='ltr'>sustinendo</span> <span class='ocrx_word' id='word_1_87' title='bbox 790 1823 885 1900; x_wconf 89' lang='lat' dir='ltr'>atque</span> <span class='ocrx_word' id='word_1_88' title='bbox 907 1810 1113 1888; x_wconf 86' lang='lat' dir='ltr'>moderando,</span> <span class='ocrx_word' id='word_1_89' title='bbox 1131 1833 1231 1878; x_wconf 91' lang='lat' dir='ltr'>meam</span> <span class='ocrx_word' id='word_1_90' title='bbox 1254 1813 1287 1876; x_wconf 86' lang='lat' dir='ltr'>in</span> 
     </span>
    </p>
   </div>
   <div class='ocr_carea' id='block_1_4' title="bbox 1355 841 1378 1116">
    <p class='ocr_par' dir='ltr' id='par_1_5' title="bbox 1355 841 1378 1116">
     <span class='ocr_line' id='line_1_14' title="bbox 1355 841 1374 884; baseline 0 0"><span class='ocrx_word' id='word_1_91' title='bbox 1355 841 1374 884; x_wconf 81' lang='lat' dir='ltr'>&#39;u</span> 
     </span>
     <span class='ocr_line' id='line_1_15' title="bbox 1359 953 1376 1000; baseline 0 0"><span class='ocrx_word' id='word_1_92' title='bbox 1359 953 1376 1000; x_wconf 70' lang='lat' dir='ltr'>‘b</span> 
     </span>
     <span class='ocr_line' id='line_1_16' title="bbox 1361 1071 1378 1116; baseline 0 0"><span class='ocrx_word' id='word_1_93' title='bbox 1361 1071 1378 1116; x_wconf 66' lang='grc' dir='ltr'>Ι</span> 
     </span>
    </p>
   </div>
   <div class='ocr_carea' id='block_1_5' title="bbox 297 1651 1394 3614">
    <p class='ocr_par' dir='ltr' id='par_1_6' title="bbox 301 1651 1390 2244">
     <span class='ocr_line' id='line_1_17' title="bbox 1373 1651 1386 1696; baseline 0 0"><span class='ocrx_word' id='word_1_94' title='bbox 1373 1651 1386 1696; x_wconf 76' lang='lat' dir='ltr'>a</span> 
     </span>
     <span class='ocr_line' id='line_1_18' title="bbox 1378 1753 1387 1812; baseline 0 -4"><span class='ocrx_word' id='word_1_95' title='bbox 1378 1753 1387 1812; x_wconf 75' lang='lat' dir='ltr'>i</span> 
     </span>
     <span class='ocr_line' id='line_1_19' title="bbox 303 1895 1389 2016; baseline -0.001 -25"><span class='ocrx_word' id='word_1_96' title='bbox 303 1925 392 1992; x_wconf 91' lang='lat' dir='ltr'>illum</span> <span class='ocrx_word' id='word_1_97' title='bbox 413 1927 661 2016; x_wconf 86' lang='lat' dir='ltr'>indulgentiam,</span> <span class='ocrx_word' id='word_1_98' title='bbox 681 1927 883 1990; x_wconf 89' lang='lat' dir='ltr'>coniunctam</span> <span class='ocrx_word' id='word_1_99' title='bbox 906 1947 979 1992; x_wconf 89' lang='lat' dir='ltr'>cum</span> <span class='ocrx_word' id='word_1_100' title='bbox 1003 1949 1123 1994; x_wconf 87' lang='lat' dir='ltr'>summa</span> <span class='ocrx_word' id='word_1_101' title='bbox 1146 1924 1286 1992; x_wconf 85' lang='lat' dir='ltr'>custodia</span> <span class='ocrx_word' id='word_1_102' title='bbox 1385 1895 1389 1928; x_wconf 58' lang='grc' dir='ltr'>Ι</span> 
     </span>
     <span class='ocr_line' id='line_1_20' title="bbox 303 2039 1287 2131; baseline -0.002 -25"><span class='ocrx_word' id='word_1_103' title='bbox 303 2041 531 2131; x_wconf 89' lang='lat' dir='ltr'>reipublicae,</span> <span class='ocrx_word' id='word_1_104' title='bbox 554 2063 626 2107; x_wconf 85' lang='lat' dir='ltr'>rere</span> <span class='ocrx_word' id='word_1_105' title='bbox 648 2039 775 2106; x_wconf 81' lang='lat' dir='ltr'>laudere</span> <span class='ocrx_word' id='word_1_106' title='bbox 799 2040 901 2129; x_wconf 83' lang='lat' dir='ltr'>quiris</span> <span class='ocrx_word' id='word_1_107' title='bbox 924 2040 1055 2107; x_wconf 79' lang='lat' dir='ltr'>solebat.</span> <span class='ocrx_word' id='word_1_108' title='bbox 1103 2045 1155 2106; x_wconf 84' lang='lat'>35.</span> <span class='ocrx_word' id='word_1_109' title='bbox 1174 2039 1287 2106; x_wconf 71' lang='lat' dir='ltr'>Nam⁴</span> 
     </span>
     <span class='ocr_line' id='line_1_21' title="bbox 301 2151 1284 2244; baseline 0 -24"><span class='ocrx_word' id='word_1_110' title='bbox 301 2153 383 2220; x_wconf 90' lang='lat' dir='ltr'>mihi</span> <span class='ocrx_word' id='word_1_111' title='bbox 404 2154 531 2243; x_wconf 89' lang='lat' dir='ltr'>quidem</span> <span class='ocrx_word' id='word_1_112' title='bbox 548 2155 636 2244; x_wconf 87' lang='lat' dir='ltr'>quasi</span> <span class='ocrx_word' id='word_1_113' title='bbox 657 2152 735 2220; x_wconf 87' lang='lat' dir='ltr'>hoec</span> <span class='ocrx_word' id='word_1_114' title='bbox 751 2154 891 2220; x_wconf 88' lang='lat' dir='ltr'>conditio</span> <span class='ocrx_word' id='word_1_115' title='bbox 911 2153 1089 2221; x_wconf 87' lang='lat' dir='ltr'>consulatus</span> <span class='ocrx_word' id='word_1_116' title='bbox 1105 2151 1176 2220; x_wconf 86' lang='lat' dir='ltr'>data</span> <span class='ocrx_word' id='word_1_117' title='bbox 1192 2169 1284 2235; x_wconf 85' lang='lat' dir='ltr'>esset,</span> 
     </span>
    </p>

    <p class='ocr_par' dir='ltr' id='par_1_7' title="bbox 298 2256 1394 3041">
     <span class='ocr_line' id='line_1_22' title="bbox 302 2256 1394 2359; baseline 0.003 -27"><span class='ocrx_word' id='word_1_118' title='bbox 302 2279 338 2332; x_wconf 85' lang='lat' dir='ltr'>at</span> <span class='ocrx_word' id='word_1_119' title='bbox 361 2289 465 2334; x_wconf 86' lang='lat' dir='ltr'>omnes</span> <span class='ocrx_word' id='word_1_120' title='bbox 482 2266 689 2347; x_wconf 71' lang='lat' dir='ltr'>acerbitates,</span> <span class='ocrx_word' id='word_1_121' title='bbox 707 2289 814 2334; x_wconf 89' lang='lat' dir='ltr'>omnes</span> <span class='ocrx_word' id='word_1_122' title='bbox 831 2266 956 2334; x_wconf 83' lang='lat' dir='ltr'>dolores</span> <span class='ocrx_word' id='word_1_123' title='bbox 975 2267 1195 2357; x_wconf 87' lang='lat' dir='ltr'>cruciatusque</span> <span class='ocrx_word' id='word_1_124' title='bbox 1212 2291 1285 2359; x_wconf 89' lang='lat' dir='ltr'>per·</span> <span class='ocrx_word' id='word_1_125' title='bbox 1393 2256 1394 2270; x_wconf 40' lang='lat'>¹</span> 
     </span>
     <span class='ocr_line' id='line_1_23' title="bbox 300 2380 1284 2462; baseline 0.002 -16"><span class='ocrx_word' id='word_1_126' title='bbox 300 2381 432 2447; x_wconf 82' lang='lat' dir='ltr'>ferrern:</span> <span class='ocrx_word' id='word_1_127' title='bbox 465 2381 524 2447; x_wconf 90' lang='lat' dir='ltr'>tuli</span> <span class='ocrx_word' id='word_1_128' title='bbox 552 2403 614 2448; x_wconf 92' lang='lat' dir='ltr'>non</span> <span class='ocrx_word' id='word_1_129' title='bbox 640 2381 738 2448; x_wconf 90' lang='lat' dir='ltr'>solum</span> <span class='ocrx_word' id='word_1_130' title='bbox 763 2382 907 2461; x_wconf 81' lang='lat' dir='ltr'>fortiter,</span> <span class='ocrx_word' id='word_1_131' title='bbox 930 2380 1101 2449; x_wconf 87' lang='lat' dir='ltr'>sedetiam</span> <span class='ocrx_word' id='word_1_132' title='bbox 1127 2381 1284 2462; x_wconf 82' lang='lat' dir='ltr'>libenter,</span> 
     </span>
     <span class='ocr_line' id='line_1_24' title="bbox 299 2492 1283 2588; baseline 0.002 -28"><span class='ocrx_word' id='word_1_133' title='bbox 299 2492 472 2562; x_wconf 84' lang='lat' dir='ltr'>dummodo</span> <span class='ocrx_word' id='word_1_134' title='bbox 496 2497 573 2563; x_wconf 88' lang='lat' dir='ltr'>meis</span> <span class='ocrx_word' id='word_1_135' title='bbox 599 2496 759 2563; x_wconf 84' lang='lat' dir='ltr'>laboribus</span> <span class='ocrx_word' id='word_1_136' title='bbox 785 2498 906 2564; x_wconf 75' lang='lat' dir='ltr'>senatui</span> <span class='ocrx_word' id='word_1_137' title='bbox 935 2495 1116 2588; x_wconf 81' lang='lat' dir='ltr'>populoque</span> <span class='ocrx_word' id='word_1_138' title='bbox 1141 2499 1283 2564; x_wconf 88' lang='lat' dir='ltr'>Romano</span> 
     </span>
     <span class='ocr_line' id='line_1_25' title="bbox 300 2609 1281 2701; baseline 0.002 -25"><span class='ocrx_word' id='word_1_139' title='bbox 300 2609 435 2698; x_wconf 76' lang='lat' dir='ltr'>dignitas</span> <span class='ocrx_word' id='word_1_140' title='bbox 455 2609 597 2701; x_wconf 87' lang='lat' dir='ltr'>salusque</span> <span class='ocrx_word' id='word_1_141' title='bbox 611 2623 787 2701; x_wconf 86' lang='lat' dir='ltr'>pareretur.</span> <span class='ocrx_word' id='word_1_142' title='bbox 820 2609 903 2700; x_wconf 80' lang='lat' dir='ltr'>Ergo</span> <span class='ocrx_word' id='word_1_143' title='bbox 921 2609 934 2650; x_wconf 76' lang='lat'><strong>⁵</strong></span> <span class='ocrx_word' id='word_1_144' title='bbox 951 2612 1051 2678; x_wconf 88' lang='lat' dir='ltr'>multa</span> <span class='ocrx_word' id='word_1_145' title='bbox 1070 2612 1166 2693; x_wconf 88' lang='lat' dir='ltr'>tacui,</span> <span class='ocrx_word' id='word_1_146' title='bbox 1184 2611 1281 2678; x_wconf 89' lang='lat' dir='ltr'>multa</span> 
     </span>
     <span class='ocr_line' id='line_1_26' title="bbox 299 2723 1281 2816; baseline 0.001 -26"><span class='ocrx_word' id='word_1_147' title='bbox 299 2723 434 2814; x_wconf 87' lang='lat' dir='ltr'>pertuli,</span> <span class='ocrx_word' id='word_1_148' title='bbox 456 2724 555 2790; x_wconf 87' lang='lat' dir='ltr'>multa</span> <span class='ocrx_word' id='word_1_149' title='bbox 572 2727 730 2806; x_wconf 88' lang='lat' dir='ltr'>concessi,</span> <span class='ocrx_word' id='word_1_150' title='bbox 748 2723 847 2792; x_wconf 92' lang='lat' dir='ltr'>multa</span> <span class='ocrx_word' id='word_1_151' title='bbox 866 2747 937 2792; x_wconf 88' lang='lat' dir='ltr'>meo</span> <span class='ocrx_word' id='word_1_152' title='bbox 956 2724 1093 2816; x_wconf 86' lang='lat' dir='ltr'>quodam</span> <span class='ocrx_word' id='word_1_153' title='bbox 1109 2725 1227 2804; x_wconf 83' lang='lat' dir='ltr'>dolore,</span> <span class='ocrx_word' id='word_1_154' title='bbox 1249 2728 1281 2791; x_wconf 90' lang='lat' dir='ltr'>in</span> 
     </span>
     <span class='ocr_line' id='line_1_27' title="bbox 298 2837 1282 2930; baseline 0.003 -26"><span class='ocrx_word' id='word_1_155' title='bbox 298 2837 430 2928; x_wconf 87' lang='lat' dir='ltr'>publico</span> <span class='ocrx_word' id='word_1_156' title='bbox 451 2840 564 2906; x_wconf 87' lang='lat' dir='ltr'>tirnore</span> <span class='ocrx_word' id='word_1_157' title='bbox 587 2841 703 2906; x_wconf 85' lang='lat' dir='ltr'>sanari.</span> <span class='ocrx_word' id='word_1_158' title='bbox 751 2839 927 2929; x_wconf 80' lang='lat' dir='ltr'>blagnum⁸</span> <span class='ocrx_word' id='word_1_159' title='bbox 950 2841 1083 2908; x_wconf 91' lang='lat' dir='ltr'>enimin</span> <span class='ocrx_word' id='word_1_160' title='bbox 1106 2840 1282 2930; x_wconf 90' lang='lat' dir='ltr'>republica</span> 
     </span>
     <span class='ocr_line' id='line_1_28' title="bbox 298 2952 1283 3041; baseline 0.006 -25"><span class='ocrx_word' id='word_1_161' title='bbox 298 2953 415 3018; x_wconf 75' lang='lat' dir='ltr'>versari</span> <span class='ocrx_word' id='word_1_162' title='bbox 437 2952 589 3036; x_wconf 89' lang='lat' dir='ltr'>lurorem,</span> <span class='ocrx_word' id='word_1_163' title='bbox 607 2967 640 3020; x_wconf 92' lang='lat' dir='ltr'>et</span> <span class='ocrx_word' id='word_1_164' title='bbox 656 2975 736 3020; x_wconf 86' lang='lat' dir='ltr'>nora</span> <span class='ocrx_word' id='word_1_165' title='bbox 756 2953 909 3041; x_wconf 85' lang='lat' dir='ltr'>quaedam</span> <span class='ocrx_word' id='word_1_166' title='bbox 931 2954 1055 3020; x_wconf 89' lang='lat' dir='ltr'>misceri</span> <span class='ocrx_word' id='word_1_167' title='bbox 1078 2967 1110 3021; x_wconf 92' lang='lat' dir='ltr'>et</span> <span class='ocrx_word' id='word_1_168' title='bbox 1130 2956 1283 3022; x_wconf 86' lang='lat' dir='ltr'>concitori</span> 
     </span>
    </p>

    <p class='ocr_par' dir='ltr' id='par_1_8' title="bbox 297 3066 1283 3480">
     <span class='ocr_line' id='line_1_29' title="bbox 297 3066 1281 3157; baseline 0.004 -25"><span class='ocrx_word' id='word_1_169' title='bbox 297 3066 380 3132; x_wconf 90' lang='lat' dir='ltr'>mala</span> <span class='ocrx_word' id='word_1_170' title='bbox 395 3066 584 3157; x_wconf 87' lang='lat' dir='ltr'>iampridem</span> <span class='ocrx_word' id='word_1_171' title='bbox 597 3066 757 3134; x_wconf 88' lang='lat' dir='ltr'>ridebam:</span> <span class='ocrx_word' id='word_1_172' title='bbox 788 3081 839 3149; x_wconf 92' lang='lat' dir='ltr'>et,</span> <span class='ocrx_word' id='word_1_173' title='bbox 864 3067 1076 3156; x_wconf 81' lang='lat' dir='ltr'>(dicendom⁷</span> <span class='ocrx_word' id='word_1_174' title='bbox 1104 3082 1150 3136; x_wconf 86' lang='lat' dir='ltr'>est</span> <span class='ocrx_word' id='word_1_175' title='bbox 1177 3071 1281 3148; x_wconf 90' lang='lat' dir='ltr'>enim,</span> 
     </span>
     <span class='ocr_line' id='line_1_30' title="bbox 299 3179 1281 3271; baseline 0.005 -26"><span class='ocrx_word' id='word_1_176' title='bbox 299 3179 382 3271; x_wconf 92' lang='lat' dir='ltr'>qood</span> <span class='ocrx_word' id='word_1_177' title='bbox 408 3182 522 3266; x_wconf 87' lang='lat' dir='ltr'>sentio)</span> <span class='ocrx_word' id='word_1_178' title='bbox 554 3181 704 3248; x_wconf 80' lang='lat' dir='ltr'>iemdiu⁸</span> <span class='ocrx_word' id='word_1_179' title='bbox 734 3183 766 3247; x_wconf 93' lang='lat' dir='ltr'>in</span> <span class='ocrx_word' id='word_1_180' title='bbox 791 3182 942 3271; x_wconf 87' lang='lat' dir='ltr'>periculis</span> <span class='ocrx_word' id='word_1_181' title='bbox 960 3184 1186 3250; x_wconf 85' lang='lat' dir='ltr'>coniurationis</span> <span class='ocrx_word' id='word_1_182' title='bbox 1206 3185 1281 3250; x_wconf 90' lang='lat' dir='ltr'>insi·</span> 
     </span>
     <span class='ocr_line' id='line_1_31' title="bbox 298 3292 1281 3388; baseline 0.004 -28"><span class='ocrx_word' id='word_1_183' title='bbox 298 3292 423 3384; x_wconf 89' lang='lat' dir='ltr'>diisque</span> <span class='ocrx_word' id='word_1_184' title='bbox 447 3294 657 3365; x_wconf 76' lang='lat' dir='ltr'>versabamur.</span> <span class='ocrx_word' id='word_1_185' title='bbox 704 3293 782 3373; x_wconf 86' lang='lat' dir='ltr'>Sed,</span> <span class='ocrx_word' id='word_1_186' title='bbox 802 3297 909 3364; x_wconf 90' lang='lat' dir='ltr'>nescio</span> <span class='ocrx_word' id='word_1_187' title='bbox 930 3319 993 3387; x_wconf 93' lang='lat' dir='ltr'>quo</span> <span class='ocrx_word' id='word_1_188' title='bbox 1017 3310 1122 3388; x_wconf 90' lang='lat' dir='ltr'>pacto,</span> <span class='ocrx_word' id='word_1_189' title='bbox 1142 3299 1281 3365; x_wconf 90' lang='lat' dir='ltr'>omnium</span> 
     </span>
     <span class='ocr_line' id='line_1_32' title="bbox 298 3408 1283 3480; baseline 0.008 -7"><span class='ocrx_word' id='word_1_190' title='bbox 298 3408 451 3475; x_wconf 85' lang='lat' dir='ltr'>scelerum</span> <span class='ocrx_word' id='word_1_191' title='bbox 469 3432 506 3475; x_wconf 89' lang='lat' dir='ltr'>ac</span> <span class='ocrx_word' id='word_1_192' title='bbox 523 3411 635 3476; x_wconf 79' lang='lat' dir='ltr'>veteris</span> <span class='ocrx_word' id='word_1_193' title='bbox 654 3410 767 3477; x_wconf 85' lang='lat' dir='ltr'>luroris</span> <span class='ocrx_word' id='word_1_194' title='bbox 783 3422 815 3477; x_wconf 88' lang='lat' dir='ltr'>et</span> <span class='ocrx_word' id='word_1_195' title='bbox 830 3411 978 3478; x_wconf 86' lang='lat' dir='ltr'>audaciae</span> <span class='ocrx_word' id='word_1_196' title='bbox 997 3412 1160 3480; x_wconf 89' lang='lat' dir='ltr'>maturitas</span> <span class='ocrx_word' id='word_1_197' title='bbox 1175 3414 1206 3478; x_wconf 92' lang='lat' dir='ltr'>iu</span> <span class='ocrx_word' id='word_1_198' title='bbox 1223 3436 1283 3480; x_wconf 92' lang='lat' dir='ltr'>no-</span> 
     </span>
    </p>

    <p class='ocr_par' dir='ltr' id='par_1_9' title="bbox 300 3519 846 3614">
     <span class='ocr_line' id='line_1_33' title="bbox 300 3519 846 3614; baseline 0.018 -30"><span class='ocrx_word' id='word_1_199' title='bbox 300 3521 357 3584; x_wconf 86' lang='lat' dir='ltr'>stri</span> <span class='ocrx_word' id='word_1_200' title='bbox 381 3519 561 3588; x_wconf 89' lang='lat' dir='ltr'>eonsulatus</span> <span class='ocrx_word' id='word_1_201' title='bbox 584 3535 708 3613; x_wconf 89' lang='lat' dir='ltr'>tempus</span> <span class='ocrx_word' id='word_1_202' title='bbox 730 3525 846 3614; x_wconf 88' lang='lat' dir='ltr'>erupit.</span> 
     </span>
    </p>
   </div>
   <div class='ocr_carea' id='block_1_6' title="bbox 296 3719 1283 3888">
    <p class='ocr_par' dir='ltr' id='par_1_10' title="bbox 296 3719 1283 3888">
     <span class='ocr_line' id='line_1_34' title="bbox 330 3719 1283 3796; baseline 0.012 -27"><span class='ocrx_word' id='word_1_203' title='bbox 330 3719 498 3788; x_wconf 59' lang='lat' dir='ltr'>quanm.</span> <span class='ocrx_word' id='word_1_204' title='bbox 525 3725 561 3774; x_wconf 89' lang='lat' dir='ltr'>n.</span> <span class='ocrx_word' id='word_1_205' title='bbox 581 3743 606 3774; x_wconf 68' lang='lat' dir='ltr'>a.</span> <span class='ocrx_word' id='word_1_206' title='bbox 634 3723 736 3792; x_wconf 68' lang='lat' dir='ltr'>nor.</span> <span class='ocrx_word' id='word_1_207' title='bbox 759 3725 1283 3796; x_wconf 69' lang='lat' dir='ltr'>-²)in1³n0=.s.2.§5.-³)pm</span> 
     </span>
     <span class='ocr_line' id='line_1_35' title="bbox 296 3813 1280 3888; baseline 0.008 -27"><span class='ocrx_word' id='word_1_208' title='bbox 296 3813 374 3864; x_wconf 61' lang='lat' dir='ltr'>sesso</span> <span class='ocrx_word' id='word_1_209' title='bbox 391 3831 416 3864; x_wconf 66' lang='grc' dir='ltr'>ο.</span> <span class='ocrx_word' id='word_1_210' title='bbox 430 3814 485 3885; x_wconf 68' lang='lat' dir='ltr'>ng</span> <span class='ocrx_word' id='word_1_211' title='bbox 501 3817 529 3868; x_wconf 84' lang='lat' dir='ltr'>s.</span> <span class='ocrx_word' id='word_1_212' title='bbox 545 3844 580 3856; x_wconf 89' lang='lat'>-</span> <span class='ocrx_word' id='word_1_213' title='bbox 604 3819 630 3886; x_wconf 80' lang='lat' dir='ltr'>r)</span> <span class='ocrx_word' id='word_1_214' title='bbox 648 3820 673 3868; x_wconf 79' lang='lat' dir='ltr'>n</span> <span class='ocrx_word' id='word_1_215' title='bbox 690 3819 946 3888; x_wconf 74' lang='lat' dir='ltr'>carun.1r.0.1.q</span> <span class='ocrx_word' id='word_1_216' title='bbox 964 3820 991 3871; x_wconf 85' lang='lat'>1.</span> <span class='ocrx_word' id='word_1_217' title='bbox 1004 3850 1039 3860; x_wconf 90' lang='lat'><em>-</em></span> <span class='ocrx_word' id='word_1_218' title='bbox 1056 3823 1083 3888; x_wconf 74' lang='grc' dir='ltr'>ε)</span> <span class='ocrx_word' id='word_1_219' title='bbox 1101 3821 1190 3887; x_wconf 68' lang='lat' dir='ltr'>nus</span> <span class='ocrx_word' id='word_1_220' title='bbox 1206 3819 1235 3870; x_wconf 80' lang='lat' dir='ltr'>a.</span> <span class='ocrx_word' id='word_1_221' title='bbox 1248 3847 1280 3858; x_wconf 90' lang='lat'><em>-</em></span> 
     </span>
    </p>
   </div>
   <div class='ocr_carea' id='block_1_7' title="bbox 294 3906 1276 4071">
    <p class='ocr_par' dir='ltr' id='par_1_11' title="bbox 294 3906 1276 4071">
     <span class='ocr_line' id='line_1_36' title="bbox 294 3906 1276 3983; baseline -0.011 -10"><span class='ocrx_word' id='word_1_222' title='bbox 294 3906 321 3972; x_wconf 79' lang='lat'>⁰)</span> <span class='ocrx_word' id='word_1_223' title='bbox 338 3908 437 3958; x_wconf 50' lang='lat' dir='ltr'>raram.</span> <span class='ocrx_word' id='word_1_224' title='bbox 450 3909 503 3978; x_wconf 71' lang='lat' dir='ltr'>aq</span> <span class='ocrx_word' id='word_1_225' title='bbox 520 3909 549 3966; x_wconf 83' lang='lat' dir='ltr'>a.</span> <span class='ocrx_word' id='word_1_226' title='bbox 568 3941 599 3954; x_wconf 77' lang='grc'>-</span> <span class='ocrx_word' id='word_1_227' title='bbox 625 3913 648 3977; x_wconf 79' lang='lat'>⁷)</span> <span class='ocrx_word' id='word_1_228' title='bbox 667 3929 708 3977; x_wconf 72' lang='grc' dir='ltr'>μο</span> <span class='ocrx_word' id='word_1_229' title='bbox 723 3913 816 3964; x_wconf 67' lang='lat' dir='ltr'>unes·</span> <span class='ocrx_word' id='word_1_230' title='bbox 832 3931 857 3966; x_wconf 68' lang='lat' dir='ltr'>e.</span> <span class='ocrx_word' id='word_1_231' title='bbox 873 3913 930 3983; x_wconf 70' lang='lat' dir='ltr'>nc</span> <span class='ocrx_word' id='word_1_232' title='bbox 946 3913 992 3967; x_wconf 83' lang='lat'>22.</span> <span class='ocrx_word' id='word_1_233' title='bbox 1015 3944 1047 3955; x_wconf 92' lang='lat'><em>-</em></span> <span class='ocrx_word' id='word_1_234' title='bbox 1069 3915 1094 3981; x_wconf 77' lang='lat' dir='ltr'>q</span> <span class='ocrx_word' id='word_1_235' title='bbox 1111 3915 1134 3966; x_wconf 81' lang='lat' dir='ltr'>n</span> <span class='ocrx_word' id='word_1_236' title='bbox 1146 3915 1239 3966; x_wconf 67' lang='lat' dir='ltr'>otuu.</span> <span class='ocrx_word' id='word_1_237' title='bbox 1253 3913 1276 3962; x_wconf 87' lang='lat' dir='ltr'>r.</span> 
     </span>
     <span class='ocr_line' id='line_1_37' title="bbox 298 3999 470 4071; baseline 0.012 -21"><span class='ocrx_word' id='word_1_238' title='bbox 298 4014 323 4048; x_wconf 82' lang='lat' dir='ltr'>o.</span> <span class='ocrx_word' id='word_1_239' title='bbox 338 3999 407 4071; x_wconf 79' lang='lat' dir='ltr'>l3.§</span> <span class='ocrx_word' id='word_1_240' title='bbox 423 4002 470 4052; x_wconf 83' lang='lat'>31.</span> 
     </span>
    </p>
   </div>
   <div class='ocr_carea' id='block_1_8' title="bbox 0 0 1436 4894">
    <p class='ocr_par' dir='ltr' id='par_1_12' title="bbox 0 0 1436 4894">
     <span class='ocr_line' id='line_1_38' title="bbox 0 0 1436 4894; baseline 0 3"><span class='ocrx_word' id='word_1_241' title='bbox 0 0 1436 4894; x_wconf 95' lang='lat' dir='ltr'> </span> 
     </span>
    </p>
   </div>
  </div>
 </body>
</html>
