2772 4902
595 341 619 374 .·
728 313 788 376 136

274 521 346 566 rero
369 501 402 563 in
425 497 540 563 talibus
571 519 689 562 summa
722 499 867 565 cautione
890 521 986 589 opus,
1018 522 1120 589 neque
1144 501 1192 566 rel
1214 523 1248 566 er

206 659 209 680 .
273 613 399 679 laudato
415 612 508 678 titulo
528 613 573 677 rel
590 635 625 676 er
638 614 730 678 unius
748 612 868 703 oppidi,
885 615 1010 704 populi,
1029 616 1118 680 llurii
1131 629 1249 682 serrata

272 732 438 807 memoria,
462 751 543 818 quae
565 727 707 794 rideatur
724 729 826 794 minus
845 728 1007 794 commode
1027 731 1094 819 peti
1114 731 1252 818 potuisse

272 867 308 910 er
336 828 425 909 libris
457 842 580 908 aliunde
609 845 761 932 cognitis,
795 845 945 910 continuo
970 868 1066 910 norus
1091 833 1253 910 commen-

271 958 370 1022 tarius
394 957 554 1046 fingendus
578 957 601 1024 ¹.
647 955 710 1024 Sed
734 959 809 1046 quid
842 957 881 1023 de
912 958 999 1022 libris
1022 958 1171 1038 dicamus,
1196 959 1252 1046 qui

271 1072 367 1136 scribi
396 1085 583 1160 potuerunt,
619 1093 717 1159 quum
750 1072 790 1136 de
813 1072 851 1136 iis
872 1070 1042 1137 dicendum
1077 1073 1137 1151 ait,
1171 1093 1252 1160 quos

269 1186 401 1273 scriptos
423 1208 487 1250 ease
511 1185 675 1250 norimus?
718 1185 784 1251 llos
806 1186 902 1274 igitur
926 1207 1032 1251 ornnes
1055 1185 1254 1275 Wegenerua

271 1300 441 1364 arbitratur
464 1313 568 1387 partes
585 1299 677 1363 luisse
693 1300 793 1364 »reati
811 1301 914 1388 operis
929 1299 1143 1389 geographici,
1161 1299 1255 1365 cuiue

270 1412 398 1502 singulis
412 1414 498 1478 libris
514 1413 683 1500 asingulis,
709 1435 785 1501 quas
810 1404 1024 1494 tractaverint,
1050 1415 1140 1479 terris
1159 1433 1251 1478 auum

270 1549 383 1592 nomen
409 1526 542 1592 inditum
568 1527 673 1607 fuerit,
695 1539 731 1591 nt
759 1527 919 1615 Europa,
942 1525 1153 1616 Hispanico,
1174 1525 1254 1592 Ito·

271 1643 361 1722 lico,
386 1637 559 1727 Illyrica,
584 1639 734 1720 Plocio,
759 1637 869 1705 Aaia”
893 1655 924 1705 et
948 1663 1027 1728 quos
1049 1640 1125 1705 alios
1142 1639 1254 1706 titulos

270 1753 325 1820 ille
352 1754 537 1842 excogitavit
555 1750 580 1821 ².
613 1755 767 1842 Apertum
791 1769 849 1838 est,
883 1754 1095 1844 Wegcnerum
1125 1755 1253 1821 {ianime

271 1870 355 1951 alia,
380 1869 440 1936 alia
463 1868 535 1936 ideo
557 1869 700 1936 retulisse
722 1868 761 1934 ad
787 1867 883 1936 Corn.
907 1867 1138 1951 Alexandrum,
1165 1867 1252 1958 quod

271 1984 356 2050 hunc
389 1983 524 2050 eundem
557 2005 621 2049 esse
652 1983 784 2073 putabat
816 1994 911 2070 atque
934 1961 1130 2071 Ephesium,
1162 1983 1253 2048 ouius

252 2097 438 2187 aliquoties
460 2095 626 2163 laudantur
656 2095 731 2161 libri
754 2101 909 2184 Εὐρώπη,
931 2095 1034 2185 Ἀσίη
1061 2103 1117 2166 eat
1140 2103 1254 2188 Λιβύη

270 2211 426 2300 inscripti.
473 2211 645 2300 Wegcneri
675 2211 860 2276 sententiam
889 2233 951 2276 non
975 2212 1104 2276 omnino
1124 2211 1254 2300 quidem

271 2325 430 2414 amplexus
452 2338 501 2390 eat
522 2325 694 2414 Forbiger,
719 2323 771 2390 sed
791 2325 941 2413 cogitarit
960 2325 1077 2414 pariter
1092 2325 1132 2391 de
1147 2323 1254 2415 amplo

271 2461 367 2528 opere
396 2439 621 2528 geographico,
653 2441 811 2526 Περίπλῳ
841 2439 928 2505 dicto
958 2441 1055 2528 inque
1087 2439 1253 2505 oolibam

270 2552 369 2620 diriso
389 2553 412 2620 ⁸.
457 2551 609 2620 Neutrum
633 2552 747 2619 borum
772 2553 930 2620 llauebius
951 2554 1117 2636 refutarit,
1143 2575 1256 2643 qnam·

270 2693 365 2760 quam
378 2671 426 2736 rix
439 2669 611 2759 quidquam
624 2681 670 2734 eat
685 2667 822 2734 facilius.
861 2667 942 2735 Nam
960 2667 1046 2757 quod
1062 2679 1256 2734 commenta·

269 2785 333 2849 rios
344 2783 415 2850 illos
428 2789 470 2850 40
481 2783 571 2849 libris
583 2784 754 2849 constitisse
762 2783 921 2872 opinatur,
938 2805 973 2846 ea
983 2782 1089 2870 opinio
1102 2782 1255 2848 indenata

271 2897 419 2988 est,quod
436 2897 662 2985 Polybiatorem
675 2899 865 2986 permutavit
881 2895 1031 2983 Forbiger
1042 2895 1257 2962 cumdlaran-

270 3011 329 3077 ‹lro
340 3011 507 3087 Cotiaensi,
524 3011 676 3077 librorum
691 3016 733 3076 42
743 3017 818 3100 περὶ
830 3012 1046 3094 παντοδαπῆς
1057 3011 1138 3099 ὕλης
1149 3023 1260 3074 auoto-

270 3147 317 3191 re.
332 3124 440 3191 Parem
453 3125 563 3191 iudicii
576 3125 732 3192 levitatem
742 3125 855 3213 arguit,
867 3123 951 3214 quod
965 3125 1047 3190 idam
1056 3126 1253 3214 Haolrrlouv

162 3227 168 3240 ’
272 3254 379 3306 censet
410 3263 607 3307 communem
631 3239 723 3305 irrisae
742 3239 844 3329 operis
878 3239 973 3304 totiua
999 3239 1256 3329 inscriptionem,

272 3355 360 3420 cuius
375 3377 479 3420 rursus
498 3356 610 3443 singuli
631 3354 706 3419 libri
722 3375 791 3418 suos
813 3351 1110 3421 habuerinttitulos.
1134 3351 1255 3442 Ecquis

273 3477 443 3486 ———-—·--

271 3525 475 3586 er'rvo‘aoe·
490 3527 725 3592 lngloaaarcribitur:
738 3527 810 3584 iocre·
828 3523 871 3583 ὥς
889 3522 1007 3588 οἱμὲν,
1026 3523 1122 3583 Διός.
1140 3523 1254 3589 Siroger-

269 3639 337 3670 marra
353 3622 383 3670 ait
399 3623 467 3672 lectio
484 3619 499 3670 ὖ
518 3623 646 3680 Μύνδιος
670 3621 717 3670 aire
734 3639 780 3668 non
797 3619 833 3681 ait,
852 3619 880 3668 ad
899 3620 1052 3669 Alexandrum
1068 3621 1152 3668 referre
1175 3619 1254 3667 locam

271 3713 309 3762 rix
326 3714 435 3778 audeam,
461 3725 487 3764 nt
511 3718 590 3765 retulit
612 3717 734 3764 ‘western
751 3715 781 3762 ad
804 3715 866 3764 lora.
886 3717 919 3764 11.
940 3715 969 3763 G.
987 3731 1009 3776 p.
1027 3711 1080 3762 382
1097 3731 1120 3763 n.
1136 3709 1186 3776 29,
1212 3711 1255 3775 qni

269 3825 345 3870 noque
352 3808 445 3857 laudare
454 3810 549 3858 debebat
566 3811 653 3860 lmob.
671 3811 727 3861 odo.
742 3817 814 3877 gent.
833 3810 869 3856 ll.
887 3807 912 3857 6.
923 3827 945 3872 p.
958 3805 1008 3856 193
1019 3808 1061 3869 (ed
1071 3805 1170 3872 Orell.p.
1180 3803 1253 3868 bodl:
1330 3789 1336 3798 ,

166 3871 189 3908 κ’
270 3919 323 3950 narn
338 3903 372 3950 ibi
389 3919 433 3950 non
452 3903 479 3949 d·
497 3905 602 3968 ,llyndr'o
619 3921 691 3952 nermo
708 3914 756 3964 ert,
774 3903 814 3951 aad
832 3903 861 3950 de
880 3902 972 3966 uynoio
990 3902 1103 3951 Zenona.

306 3997 329 4058 1)
347 3996 418 4060 ΕΜ
437 3995 496 4061 l,§
516 3995 562 4060 13,
579 3998 592 4062 b
611 3995 660 4058 15,
678 3997 691 4061 5
709 3994 753 4044 16.
777 3993 960 4061 Addebfflet
977 3995 990 4061 ᾗ
1009 3993 1051 4044 23.

309 4089 332 4152 ²)
350 4091 371 4138 l.
386 4093 406 4138 l.
420 4109 442 4154 p.
463 4089 519 4140 197.
539 4119 569 4130 ·-
589 4089 615 4153 ³)
635 4091 735 4139 Handb·
751 4091 768 4140 l.
787 4109 808 4153 p.
827 4089 875 4138 251
896 4107 931 4152 aq.
