2942 4902
622 332 663 396 17

159 519 206 608 (cs.
221 545 288 608 cop.
307 522 343 584 11
364 520 473 606 extu),
516 519 600 584 Nam
616 517 745 584 luxuria
768 543 835 587 non
856 518 940 584 cadit
960 519 994 582 in
1015 515 1134 584 barba-

159 658 211 698 ros.
236 631 441 702 simillimam
456 633 606 700 oradonis
619 630 829 713 sormam,vel
843 633 868 698 si
883 633 983 700 mavis
998 629 1134 702 similem

156 746 396 828 obscuritatem,
410 747 521 814 notavi
535 769 552 814 o
566 744 708 814 Caesaris
730 747 767 814 Β.
789 743 828 812 C.
845 745 906 820 111.
923 747 965 810 32
982 753 1136 812 universis

157 871 315 952 insperatis
332 871 481 951 pecuniis
505 885 533 928 a:
550 885 656 951 quum
677 861 834 950 pecuniae
856 859 1012 926 universis
1034 859 1137 948 'unpe-
1168 901 1172 926 .

157 992 235 1042 ratae
249 989 365 1042 essent.

195 1087 233 1154 C.
250 1089 293 1153 18
316 1103 428 1154 narrat
450 1089 585 1177 scriptor
603 1109 691 1154 caesa
706 1085 908 1152 Ordovicum
920 1101 1013 1178 gente
1037 1083 1137 1178 Agri-
1165 1128 1167 1134 ·

156 1198 254 1268 colam
282 1200 458 1268 decrevisse
492 1200 728 1290 expeditionem
756 1201 791 1268 in
821 1196 962 1271 insulam
989 1197 1136 1266 Monam.

157 1313 240 1380 Fecit
253 1338 320 1380 non
350 1321 484 1402 ignom
500 1313 681 1380 mondum
699 1313 818 1406 fonsae
838 1337 891 1392 ae,
911 1325 1010 1404 prout
1026 1320 1137 1400 prima

158 1435 340 1508 sustinent,
355 1442 507 1494 terrorum
522 1433 657 1492 coneris
667 1427 748 1518 soro
764 1433 922 1496 universo.
942 1423 996 1494 Sic
1010 1448 1028 1490 o
1043 1425 1136 1494 oodd.

158 1539 226 1606 Vat.
246 1539 410 1608 dedentnt
431 1537 573 1606 Orellius
586 1555 620 1608 et
639 1539 793 1620 Ritterus,
807 1535 911 1606 delato
928 1553 1058 1604 tantum
1077 1561 1137 1628 po-

157 1669 269 1720 stremo
284 1677 356 1720 voc.
374 1661 538 1734 renieersa,
560 1651 650 1744 quod
673 1675 692 1718 e
715 1650 917 1742 praecedenti
939 1673 1035 1718 versu
1054 1648 1139 1716 male

159 1767 326 1854 repetitum
345 1765 482 1835 videtur.
512 1763 625 1855 Atque
646 1760 788 1830 Orellius
806 1763 920 1828 merito
935 1761 1140 1852 reprehendit

159 1901 206 1945 sos
220 1879 376 1960 editores,
393 1881 451 1969 qui
469 1901 546 1945 cum
570 1875 749 1946 Puteolano
770 1877 836 1944 duo
862 1873 1020 1944 vocabula
1039 1889 1141 1940 terro-

159 2017 221 2058 rem
245 2003 360 2059 ceteris
384 2011 611 2075 oxtnrserunt,
637 1993 785 2062 sednon
805 1990 952 2060 satisfecit
975 1987 1141 2070 Dronltio,

159 2108 212 2193 qui
228 2123 361 2172 testatur
375 2123 543 2196 propterea
552 2131 585 2174 se
595 2105 765 2174 Puteolani
777 2103 948 2174 lectionem
961 2104 1139 2184 retinuisse,

159 2221 244 2307 qnod
257 2219 358 2288 verba
367 2235 467 2310 prout
476 2229 586 2309 priano
605 2209 773 2287 cessissent
786 2217 867 2288 alius
884 2221 929 2288 rei
944 2219 1142 2288 montionem

160 2331 318 2421 postulent
333 2357 434 2423 quam
453 2335 590 2400 terroris.
635 2333 721 2402 Huic
740 2333 831 2401 sacile
848 2333 1026 2403 remedium
1047 2355 1140 2422 prae-

161 2447 245 2514 subo
275 2449 515 2540 corrigamque:
542 2465 642 2538 prout
659 2459 768 2539 prima
791 2459 976 2528 cessissent,
1000 2462 1140 2514 tenorem

162 2571 268 2628 ceter-n
282 2563 374 2652 sorc.
415 2564 577 2630 Tenorcm
596 2587 661 2630 esse
681 2567 814 2630 cursum
834 2585 901 2628 non
924 2563 1142 2651 interruptum

162 2672 325 2762 apparebit
348 2676 528 2764 inspicienti
552 2675 697 2766 exemplo
723 2677 872 2756 liviana,
894 2697 978 2765 quae
995 2671 1143 2740 cumula-

163 2786 618 2858 vitDrakenborchiusale.
634 2791 687 2856 37.
699 2789 730 2854 9.
757 2789 832 2856 Post
843 2785 1140 2857 Liviumvocabulo

162 2901 208 2964 usi
225 2917 304 2966 sunt
318 2898 443 2968 Plinius
458 2901 591 2994 (Paneg.
603 2903 660 2991 81)
679 2919 711 2968 et
731 2901 905 2970 Suetonius
922 2901 1056 2992 (Domit.
1075 2901 1143 2988 10),

162 3030 190 3078 et
211 3013 330 3108 legitur
348 3017 383 3080 in
396 3015 458 3082 hoc
475 3018 545 3106 ipso
560 3018 663 3084 Taciti
680 3014 765 3084 libro
783 3040 810 3082 c.
835 3017 855 3082 6
872 3017 954 3082 idem
968 3029 1143 3105 praeturae

163 3141 258 3194 tenor.
281 3127 346 3198 Sed
370 3151 409 3198 eo
422 3129 494 3198 loco
516 3129 847 3212 debeturllheuano,
872 3153 971 3222 quem
989 3131 1042 3198 vir
1063 3147 1143 3219 puto

161 3264 273 3310 terum
293 3244 460 3312 invenisse.
486 3243 572 3312 Gutn
597 3243 703 3316 verbis
723 3269 742 3310 a
762 3267 815 3312 mo
831 3245 1005 3312 emendatis
1025 3245 1145 3333 optime

162 3357 360 3436 conveniunt
373 3359 558 3440 sententiae,
573 3381 657 3448 quac
675 3379 714 3424 ex
733 3357 813 3426 Hist.
833 3357 878 3426 ΙΙ.
900 3357 944 3424 20
962 3374 994 3424 et
1008 3357 1085 3424 XII.
1101 3359 1139 3423 31

162 3483 257 3557 eque
271 3491 311 3534 ex
327 3467 490 3538 Ciceronis
501 3471 564 3560 Ep.
580 3471 622 3538 sd
636 3470 704 3540 Ast
720 3471 763 3538 X.
782 3471 823 3536 18
839 3471 989 3538 citantur.

204 3581 242 3648 C.
266 3581 311 3648 20
333 3583 415 3648 attii
437 3593 562 3650 interim
583 3584 672 3673 opud
698 3584 803 3650 instes
824 3591 961 3674 quietum
978 3589 1068 3672 pati,
1083 3589 1145 3671 'qno

164 3701 265 3759 minin
280 3695 393 3762 sabtos
413 3697 597 3764 excursibus
611 3698 831 3786 popularetur.
861 3695 890 3762 E
911 3696 1146 3762 commentariis

165 3803 233 3875 Soc.
248 3807 362 3897 philol.
380 3810 466 3900 Lips.
486 3807 562 3878 Vol.
578 3811 638 3878 ΙΙΙ.
655 3811 692 3876 P.
709 3813 741 3876 9.
756 3835 788 3899 p.
812 3809 876 3878 309
899 3809 964 3876 vidi
989 3807 1146 3876 Dalrlium

165 3917 321 3988 offensum
348 3946 409 3988 usn
434 3923 607 4014 particulae
631 3949 692 4015 qno
716 3935 895 3992 minasset
919 3923 1144 4013 apndltostem

168 4049 219 4100 aut
238 4037 472 4125 popularentur
494 4039 700 4106 scribendum
727 4041 899 4114 censuisse,
924 4053 961 4104 ut
979 4037 1056 4102 haec
1078 4057 1146 4100 non
