2862 4894
689 335 729 395 49

213 513 293 576 122.
349 515 426 576 llaec
449 511 557 575 tardata
577 514 627 576 din
648 520 753 596 speeiea
774 515 956 597 multumque
978 528 1101 593 morata,

304 621 435 698 Consule
456 625 512 698 te,
524 619 639 681 taudem
659 621 734 682 eelea
755 634 797 682 eat
818 625 849 682 iu
870 621 937 682 rede
958 621 1047 682 looete
1058 646 1066 699 ;

305 727 404 810 Atque
425 749 482 788 uua
503 728 552 788 lixi
573 747 606 786 ao
625 731 729 808 signati
751 731 885 809 temporie
908 729 975 788 hore

305 835 437 916 luppiter
456 831 565 894 eaoelaa
586 833 710 894 clarabat
731 845 840 916 sceptra
862 833 1013 905 columna,

304 939 344 1000 Et
366 939 460 999 eludes
480 942 587 1021 patriae
607 937 724 1000 flamma
745 940 875 1022 ferroque
895 951 992 1022 parete

307 1045 433 1105 Voeibua
454 1044 640 1125 Allobrogum
661 1045 789 1126 patribus
809 1045 971 1129 populoque
992 1047 1118 1128 patebat.

303 1152 372 1212 Rite
392 1155 480 1231 igitur
500 1163 622 1223 veteree,
644 1173 767 1234 quorum
788 1165 975 1212 monumenta
995 1157 1115 1230 teuetia,

305 1259 364 1333 Qui
384 1258 506 1340 populor
527 1257 667 1340 urbesque
689 1259 772 1319 modo
792 1280 825 1319 ee
845 1262 950 1320 virtute
971 1260 1108 1341 regebant

304 1363 373 1424 llite
394 1369 479 1422 etiam
502 1367 603 1439 ventri,
624 1385 748 1446 qnorum
769 1369 916 1448 pietasque
937 1365 1066 1448 fidenque

303 1469 449 1529 Praestitit
469 1481 498 1528 et
520 1468 602 1548 louge
626 1473 692 1528 rieit
713 1473 851 1550 sapientia
872 1480 989 1530 euuotoe
1001 1514 1011 1547 ,

306 1578 460 1656 Praecipue
480 1574 594 1635 uoluere
616 1578 723 1656 vigenti
743 1579 864 1635 numine
885 1575 976 1638 divos.

264 1772 407 1840 XXXll.
441 1776 517 1838 123.
551 1771 708 1858 Quoniam
733 1770 743 1809 ¹
768 1771 886 1862 igitur,
911 1783 947 1836 ut
969 1769 1057 1852 dixi,
1083 1774 1208 1864 suppli-

226 1893 306 1956 eatio
347 1887 475 1954 decretu
511 1887 571 1953 luit
606 1886 644 1951 ad
680 1887 783 1952 omnia
819 1885 1015 1976 pulvinaria,
1048 1885 1210 1954 celebrere

232 2025 331 2070 omues
353 2002 425 2068 iussi
448 2001 518 2067 illos
540 2001 605 2067 dies
630 2023 700 2066 cnm
725 2001 910 2090 coniugibus
933 2023 970 2066 oe
987 1999 1103 2068 liberis.
1127 2000 1208 2070 Nam

229 2119 317 2185 multi
352 2140 442 2207 seepe
476 2117 607 2183 honores
643 2115 703 2182 diis
735 2116 962 2184 immortalibus
1000 2117 1073 2181 iusti
1109 2113 1210 2182 habiti

222 2246 295 2298 eunt
317 2253 357 2298 ae
376 2230 490 2313 debiti,
509 2228 561 2297 aed
575 2231 719 2320 prolecto
737 2231 878 2296 iustiores
896 2253 1073 2322 uunquam.
1098 2231 1208 2324 Erepti

221 2349 309 2413 enim
334 2347 419 2411 eires
441 2367 477 2412 er
502 2343 715 2410 crudelissimo
739 2367 776 2410 eo
799 2347 975 2412 miserrimo
998 2347 1148 2426 interitu,
1171 2357 1209 2419 et

221 2464 327 2550 erepti
351 2463 416 2526 sine
439 2459 556 2540 coede,
581 2461 648 2527 eine
671 2461 842 2550 sauguine,
867 2461 933 2526 sine
957 2461 1118 2540 exercitu,
1143 2459 1208 2526 eine

221 2576 450 2654 dimicatione,
484 2576 598 2664 togati,
626 2595 675 2640 me
700 2598 762 2640 uno
786 2588 891 2664 togato
914 2573 995 2640 duee
1018 2587 1050 2640 et
1074 2577 1211 2664 impere-

223 2705 312 2769 tore,
337 2693 489 2758 rioernnt.
541 2690 615 2757 124.
641 2691 766 2756 Etenim
793 2713 898 2755 omnes
922 2688 1030 2754 civiles
1046 2685 1207 2754 dissensio·

220 2829 291 2886 nea,
316 2805 393 2870 lieet
412 2795 425 2834 ²
447 2817 549 2869 esseut
573 2801 774 2882 huiusmodi,
801 2827 881 2892 quoe
898 2825 959 2868 nou
977 2807 1014 2866 ed
1029 2799 1206 2882 delendam,

220 2919 277 2985 sed
301 2917 341 2984 ad
366 2917 619 2985 commutandam
643 2941 709 2984 rem
735 2917 895 3007 publicem
920 2917 1128 3006 pertinerent,
1163 2929 1209 2982 ta·

221 3055 296 3100 meu
327 3033 540 3099 internecione
573 3033 689 3098 citium
720 3031 912 3098 diiudicatae
942 3045 1027 3097 sunt.
1074 3032 1112 3097 Iu
1147 3031 1209 3098 hoe

221 3161 331 3214 autem
355 3169 419 3212 uuo
440 3159 511 3238 poet
535 3144 698 3212 homiuum
731 3147 914 3212 memorium
938 3147 1072 3212 marimo
1096 3145 1208 3214 crude-

222 3261 407 3350 lissimoque
430 3259 535 3342 bello,
572 3259 663 3349 quele
686 3259 803 3339 bellom
827 3261 920 3325 nulla
935 3265 1074 3349 unquam
1100 3261 1212 3327 berba-

222 3377 274 3442 ria
299 3397 372 3440 eum
396 3397 448 3440 ena
471 3387 563 3464 gente
586 3373 699 3462 pessit,
725 3397 789 3464 quo
812 3376 844 3441 iu
871 3375 954 3442 bello
978 3376 1025 3442 lex
1050 3375 1127 3440 haee
1151 3378 1211 3442 luit

222 3514 242 3556 a
268 3488 422 3566 Lentulo,
447 3487 604 3569 Catilina,
637 3487 765 3570 cassio,
790 3487 930 3580 Cethego
953 3491 1143 3567 constituta,
1176 3503 1211 3556 ut

225 3625 361 3677 omnes,
386 3603 440 3691 qui
464 3603 543 3669 solva
567 3602 656 3670 Urbe
679 3604 753 3670 salvi
777 3627 841 3670 esse
866 3619 1003 3694 possent,
1029 3597 1211 3669 infaustium

224 3737 365 3782 numero
396 3713 604 3798 ducerentur,
637 3719 679 3784 ita
711 3741 760 3785 me
795 3721 895 3806 gessi,
928 3733 963 3784 ut
1000 3741 1106 3785 omues
1137 3718 1212 3783 salvi
1241 3721 1242 3726 ’
1282 3723 1284 3730 “

221 3845 507 3897 oonserrereuturr
540 3847 595 3908 et,
625 3855 722 3922 quum
748 3833 850 3898 hostes
874 3847 995 3900 tentum
1019 3833 1134 3898 civium
1159 3855 1213 3895 su-

220 3997 390 4010 ..—-

263 4093 291 4154 ι)
313 4091 337 4142 ιιι
354 4089 441 4142 uun.
459 4095 501 4144 ιιι.
519 4111 539 4146 ι.
559 4093 598 4144 ιο,
619 4091 691 4160 oze.
711 4121 745 4132 -
763 4094 786 4162 ι)
806 4094 869 4144 itte.
891 4092 968 4159 pre.

1085 4186 1103 4248 l
