2942 4902
772 369 815 433 20

307 555 402 637 Cato,
421 576 499 619 usus
518 554 527 592 ¹
552 551 726 616 constantia
746 551 845 642 magis
863 563 895 614 et
913 550 1101 640 integritate,
1117 569 1226 637 quam,
1248 559 1289 612 ut

307 667 387 734 mihi
408 666 545 746 videtur,
565 661 696 730 consilio
714 679 771 730 aut
793 664 930 756 ingenio.

354 891 446 960 x1v.
470 894 523 956 ll.
557 889 709 958 Urbanae
738 891 753 930 ³
779 906 887 956 autem
910 911 959 956 res
985 890 1029 955 sic
1057 910 1090 956 ee
1114 884 1291 952 habebant.

310 1009 443 1102 Agraria
468 1003 519 1072 lex
541 1030 558 1070 a
576 1003 688 1070 Flavio
712 1003 844 1070 tribuno
861 1000 907 1093 pl.
926 1001 1129 1070 vehementer
1146 985 1303 1093 agitaba-

310 1139 365 1187 tur
389 1135 517 1186 auctore
543 1117 714 1206 Pompei03
743 1139 827 1206 quae
855 1113 937 1180 nihil
968 1112 1122 1204 populare
1149 1111 1294 1180 babebat

310 1248 435 1324 praeter
451 1247 623 1298 auctorem.
652 1231 703 1296 Ex
719 1229 780 1296 bac
798 1253 856 1323 ego
882 1227 966 1321 lege,
980 1228 1120 1296 secunda
1129 1229 1294 1294 concionis

312 1343 496 1425 voluntate,
524 1345 631 1410 omnia
655 1341 710 1410 illa
731 1319 897 1424 tollebam,
923 1365 1006 1434 quae
1032 1342 1074 1408 ad
1093 1343 1294 1432 privatorum

311 1455 553 1524 incommodum
573 1454 793 1544 pertinebant;
811 1453 989 1522 liberabam
1007 1479 1121 1548 agrum
1137 1443 1223 1536 eum,
1232 1456 1295 1545 qui

287 1625 290 1632 .
312 1571 350 1636 P.
371 1571 483 1636 Mucio
508 1570 546 1634 L.
573 1567 751 1659 Calpurnio
778 1567 964 1636 oonsulibus
991 1566 1142 1658 publicae
1166 1567 1295 1646 luisset3

313 1681 522 1754 Sullanorum
542 1683 714 1750 hominum
729 1685 935 1774 possessiones
956 1679 1204 1751 confirmabam:
1223 1679 1298 1746 Vo-

313 1797 486 1866 laterranos
501 1811 537 1862 ‘et
553 1779 729 1880 ¹Arretinos,
746 1819 887 1887 quorum
909 1819 1023 1887 agnam
1041 1792 1132 1862 Sulla
1146 1791 1297 1884 publica-

315 1929 365 1978 rat
379 1934 486 2002 noque
497 1910 655 1990 diviserat,
671 1911 706 1974 in
721 1933 779 1976 sua
788 1909 984 1998 possessione
991 1905 1177 1984 retinebam
1193 1930 1297 1974 unam

315 2027 471 2090 rationem
495 2045 563 2088 non
583 2020 780 2102 reiiciebam,
802 2037 839 2087 ut
864 2045 938 2113 ager
960 2020 1020 2086 bac
1043 2020 1218 2086 adventicia
1237 2044 1297 2110 pe-

316 2140 413 2204 cunia
431 2153 599 2216 emeretur,
617 2158 699 2224 quae
721 2159 759 2200 ex
777 2136 868 2201 novis
884 2133 1090 2228 vectigalibus
1114 2159 1173 2224 per
1196 2136 1298 2226 quin·

316 2251 499 2342 quennium
519 2249 720 2336 reciperetur.
755 2249 807 2312 42.
831 2247 915 2313 Huic
932 2235 997 2314 ¹toti
1023 2249 1138 2314 rationi
1157 2250 1299 2341 agrariae

316 2377 446 2430 senatus
460 2359 697 2454 adversabatur,
714 2362 875 2450 suspicans
886 2361 1038 2450 Pompeio
1052 2385 1170 2428 novam
1180 2387 1299 2452 quam-

319 2474 394 2541 dam
415 2477 592 2564 potentiam
611 2457 732 2565 quaeri.
765 2475 936 2566 Pompeius
956 2499 1031 2542 vero
1048 2475 1089 2541 ad
1099 2473 1300 2542 voluntatem

319 2587 524 2680 perferendae
544 2585 622 2680 legis
639 2586 840 2654 incubuerat.
872 2587 942 2688 ldgo
962 2604 1070 2655 autom
1087 2613 1202 2680 magna
1222 2612 1301 2656 cum

321 2703 519 2794 agrariorum
545 2701 645 2794 gratia
672 2699 902 2766 confirmabam
928 2703 1075 2766 omnium
1101 2703 1299 2791 privatorum

320 2817 527 2906 possessiones
547 2853 586 2864 -
608 2815 738 2882 isenim
758 2831 805 2880 est
819 2831 927 2880 noster
945 2815 1110 2894 exercitus,
1129 2813 1301 2884 bominum

321 2928 532 3017 locupletium
544 2952 604 3004 -;
626 2925 747 3017 populo
768 2943 874 2992 autem
895 2943 927 2992 et
943 2927 1094 3018 Pompeio
1113 2967 1154 2978 -
1173 2929 1302 2998 numid

323 3064 455 3132 quoque
476 3038 625 3106 volebam
646 3081 685 3090 -
705 3039 932 3108 satisfaciebam
952 3043 1128 3131 emptione:
1141 3065 1207 3133 qua
1221 3067 1301 3108 con-

321 3157 431 3221 stituta
451 3151 629 3247 diligenter,
647 3157 844 3222 etsentinam
861 3154 960 3222 Urbis
974 3155 1134 3224 exhauriri
1150 3173 1182 3222 et
1193 3155 1301 3224 ltaliae

324 3268 530 3336 solitudinem
542 3268 737 3359 frequentari
748 3293 837 3358 posse
856 3268 1043 3336 arbitrabar.
1067 3269 1131 3340 Sed
1147 3269 1225 3336 baec
1237 3285 1301 3336 tota

325 3405 375 3450 res
394 3377 593 3470 interpellata
612 3379 698 3446 bello
718 3379 890 3448 refrixerat.

371 3495 483 3563 Haec³
501 3511 608 3576 erant,
629 3511 665 3560 ut
692 3497 817 3585 opinor,
842 3498 874 3562 in
897 3495 1084 3586 republica.
1113 3499 1211 3567 Nunc
1229 3502 1243 3542 ⁴
1262 3500 1302 3567 ad

326 3587 448 3698 privata
467 3608 602 3674 redeam.

330 3865 524 3876 ——-—.

365 3959 387 4028 1)
406 3963 436 4011 aa
456 3944 511 4011 aar.
526 3963 547 4012 r.
569 3963 611 4012 ra.
634 3959 647 4031 ς
668 3961 1081 4036 ¹1.·-¹)adtrt.1.19.§t.-
1100 3968 1122 4038 ⁵)
1135 3971 1196 4022 tero.
1209 3969 1304 4036 or.-

325 4056 351 4122 ⁴)
369 4059 399 4108 ad
419 4059 468 4108 lu.
489 4059 510 4107 1.
536 4061 579 4109 tt.
601 4057 615 4122 l
635 4065 659 4108 t.
