2862 4894
704 315 744 382 21

515 397 530 452 Ι

217 525 302 570 meo
328 525 418 570 more
442 515 476 569 et
498 503 567 568 iure
588 503 763 582 amicitiae,
787 525 838 571 me
861 505 894 572 in
917 527 988 572 meo
1011 505 1127 574 lectulo
1148 521 1215 574 tru-

217 617 366 687 cidaret.
413 618 528 708 Neque
557 617 689 698 ¹enim,
732 642 783 687 rno
806 631 927 701 stante,
961 631 992 686 et
1015 635 1161 688 manente
1182 622 1215 687 in

215 733 332 800 Urbis
367 733 493 822 vigilia,
530 757 669 824 unquam
700 757 732 800 re
759 734 807 800 iili
835 757 902 802 rem
931 734 1090 824 publicam
1110 734 1214 802 delere

215 869 319 936 posse
341 845 509 913 duxerunt.
560 851 612 918 48.
635 847 720 915 Haeo
737 847 750 886 ²
767 873 825 937 ego
848 850 971 936 omnia,
995 849 1122 916 uixdum
1152 851 1215 917 eti·

215 985 277 1026 am
300 975 398 1028 coeto
424 963 568 1042 dimisso,
593 964 750 1054 comperi3
776 963 907 1030 domum
926 987 1026 1032 meam
1040 965 1213 1030 maioribus

216 1075 395 1164 praesidiis
430 1077 549 1143 muniri
581 1089 676 1166 atque
707 1077 847 1144 firmari:
880 1077 997 1145 exclusi
1026 1101 1098 1159 eoa,
1134 1102 1212 1170 quor

217 1189 367 1256 Catilina
401 1213 490 1256 mane
517 1189 556 1256 ad
582 1213 633 1258 me
660 1189 828 1258 salutatum
850 1192 995 1270 miserat,
1033 1213 1130 1282 quum
1165 1191 1214 1258 illi

215 1305 286 1396 ipsi
308 1307 485 1388 renisoent,
524 1328 603 1396 quoa
625 1328 682 1394 ego
706 1307 769 1372 iem
794 1305 900 1374 multis
923 1329 960 1372 oo
983 1307 1112 1374 summis
1136 1308 1211 1374 riria

213 1419 260 1484 ad
286 1443 342 1486 me
365 1419 398 1486 id
421 1421 572 1510 temporis
594 1435 738 1487 rentoros
761 1443 826 1488 esse
848 1420 1086 1511 praedixeram:
1122 1419 1210 1488 deai-

214 1559 286 1626 que
305 1534 320 1573 ³
340 1535 402 1602 hoo
424 1535 554 1613 curari,
578 1546 613 1600 ut
637 1535 669 1601 id
694 1557 800 1602 omnes
823 1534 988 1616 riderent,
1014 1535 1099 1625 quod
1117 1548 1209 1603 ontea

216 1651 336 1717 fnisset
363 1647 533 1716 occultum.
579 1653 633 1718 49.
659 1650 780 1736 Quare,
797 1647 811 1690 ⁴
829 1661 864 1715 ut
886 1649 1067 1718 incendium
1080 1649 1208 1740 patriae,

217 1767 337 1854 omissa
367 1765 453 1830 omni
481 1764 684 1854 cogitatione,
708 1763 949 1852 restinguerem,
975 1787 1032 1852 ego
1049 1765 1063 1804 ⁶
1080 1765 1208 1854 provin·

223 1879 302 1944 eirrn
331 1878 486 1960 Galliam,
509 1890 634 1944 senatus
656 1877 845 1944 auctoritate
868 1878 1009 1944 exercitu
1030 1890 1062 1944 et
1074 1877 1206 1968 pecunia

230 1995 411 2060 instructam
439 2005 654 2077 exornatam,
689 2014 784 2082 quarn
807 2013 880 2058 cum
904 1992 1044 2059 Antonio
1064 2001 1208 2058 cominu*

223 2109 303 2192 tari,
332 2108 417 2198 qnod
449 2109 492 2176 ita
508 2107 723 2176 existimabam
736 2119 878 2197 tempora
889 2108 936 2174 rei
948 2105 1094 2198 publicae
1109 2106 1203 2190 ferre,

215 2225 252 2288 in
291 2223 445 2290 concione
479 2223 626 2314 deposui,
660 2221 850 2290 reclamante
886 2223 1005 2313 populo
1046 2223 1202 2290 Romano.

214 2339 304 2405 Ante
323 2337 337 2377 ⁸
354 2337 460 2403 oooios
483 2339 566 2404 enim
590 2335 910 2404 mihiobreraabatnr
928 2338 974 2405 rei
990 2337 1138 2427 publicae
1154 2335 1204 2404 di·

212 2455 342 2542 gnitas,
369 2475 448 2542 quoe
468 2475 519 2519 me
540 2451 580 2517 ad
600 2475 663 2518 sese
683 2449 850 2539 rapiebat,
873 2451 951 2518 haee
967 2453 1090 2519 minora
1105 2451 1203 2518 relin-

210 2587 318 2656 quere
352 2565 546 2632 hortabatur.
592 2562 723 2633 ΝιιΙΙι7
749 2567 938 2646 contactio,
974 2587 1068 2656 quam
1103 2565 1203 2654 perti·

208 2679 449 2750 mesoebamua:
473 2681 578 2748 nullus
601 2703 670 2762 rex,
695 2677 752 2768 qui
775 2679 894 2746 bellum
916 2680 1036 2772 populo
1060 2681 1201 2746 Romano

209 2797 320 2863 tacere
342 2807 482 2884 poterat:
505 2797 610 2862 omnia
632 2810 721 2864 erant
744 2809 869 2864 externa
881 2797 973 2861 unius
989 2795 1104 2860 virtute
1118 2807 1201 2860 terra

209 2912 358 3000 marique
380 2923 502 2999 pacata.
548 2909 762 2978 Domestioum
786 2909 904 2976 bellum
920 2907 1089 2976 monebat:
1114 2908 1200 2975 intuo

208 3024 346 3091 insidiae
355 3037 452 3094 erant:
471 3025 555 3090 intus
570 3037 637 3092 erat
650 3025 805 3092 inclusum
817 3023 1012 3114 pericolum:
1035 3023 1120 3088 intua
1132 3033 1199 3088 erat

209 3139 327 3206 hostis.
361 3135 440 3204 Cum
456 3138 577 3204 luxuria
593 3140 702 3221 nobie,
727 3163 800 3207 com
817 3138 970 3216 amentio,
995 3157 1068 3202 oum
1081 3135 1198 3203 scelere

208 3253 399 3320 certandum
427 3266 505 3321 erat.
540 3253 624 3320 Huic
644 3277 702 3344 ego
726 3278 777 3322 me
796 3253 879 3320 bello
904 3251 1017 3318 ducem
1041 3251 1198 3342 professus

205 3369 338 3458 ruocepi
360 3369 541 3438 inimicitias
561 3369 727 3438 hominum
751 3368 961 3461 perditorum.

252 3597 325 3666 XV.
353 3600 408 3666 50.
432 3599 504 3668 Non
522 3601 534 3642 ¹
553 3601 661 3668 deerat
683 3601 729 3668 rei
752 3597 900 3691 publicae
923 3595 1113 3678 consilium,
1138 3618 1194 3663 ne·

201 3717 342 3734 —nffl

242 3789 311 3854 ¹)ixa
335 3789 410 3842 Piron.
435 3807 457 3840 o.
479 3789 731 3858 7.§16.-²)in
755 3782 1193 3850 mrum.1.o.t.§10.-³troo

202 3884 274 3934 Sulla
289 3873 1193 3949 omia-⁴)Philipp.1.1.o.10.§23.-⁶)iaPiron.o.2.§5.-

202 3965 1193 4044 erpsumeaor.-onoua.u.toton-rmaomn.
1299 4042 1302 4050 Ι

204 4073 230 4120 1.
252 4069 389 4137 e.1.§3.
