2942 4902
677 377 696 446 9

245 565 303 636 VI.
329 567 380 632 lb.
403 565 474 660 Ego
493 567 503 608 ¹
524 583 658 649 nactus,
684 585 722 636 ut
737 568 818 636 mibi
835 568 977 651 videbar,
996 568 1104 638 locum
1125 593 1175 638 re·

200 679 351 746 manum
369 677 512 748 libidinis
534 697 566 747 et
581 681 775 750 coercendae
799 683 984 765 iuventutis,
1006 684 1174 752 vehemens

200 791 246 860 fui
265 811 428 862 etomnas
451 793 581 884 prolirdi
602 797 684 862 vires
707 797 806 862 animi
832 813 929 890 atque
951 799 1070 891 ingenii
1093 801 1174 882 mei,
1237 859 1239 864 .

198 931 266 994 non
286 909 362 976 odio
376 909 534 978 &dumus
549 907 695 992 alictuus,
712 911 768 978 sed
786 935 841 1002 spe
862 913 908 979 roi
931 909 1079 1002 publicae
1102 935 1174 980 cor-

200 1022 348 1114 rigendae
369 1039 400 1088 et
419 1023 579 1090 sanandae
597 1025 739 1092 ovium
769 1025 864 1117 Ego*
881 1027 979 1107 enim,
1000 1049 1100 1117 quam
1117 1025 1175 1092 diu

199 1152 326 1202 matus
346 1137 514 1203 auctoriosa
535 1135 615 1204 mibi
638 1135 836 1204 defendendo
854 1134 935 1217 luit,
958 1138 1003 1203 sic
1017 1139 1131 1206 acriter
1144 1135 1176 1206 et

200 1249 403 1316 vehementer
425 1246 597 1339 proeliatus
616 1273 705 1333 sum,
731 1267 770 1316 ut
795 1247 915 1316 clamor
937 1275 1175 1345 concursusque

199 1363 336 1428 maxima
352 1385 429 1428 cnm
445 1387 517 1430 mea
536 1361 633 1430 laudo
653 1342 775 1430 flerent.
805 1364 902 1448 Quod
915 1366 941 1430 si
961 1367 1014 1431 cui
1029 1389 1176 1458 unquam

200 1479 373 1545 somvisus
398 1479 432 1544 in
452 1476 635 1570 republica
652 1478 758 1560 sortis,
781 1495 865 1546 carte
881 1501 934 1545 me
950 1482 985 1546 in
1004 1477 1059 1546 illa
1081 1505 1175 1550 cause

201 1591 372 1658 admiratus
390 1608 479 1660 esset
510 1593 621 1676 Quum
642 1593 729 1658 enim
745 1591 798 1658 ille
818 1592 860 1658 ad
874 1594 1041 1660 conciones
1060 1593 1176 1664 confu-

200 1705 291 1794 gisset
310 1705 346 1770 in
365 1705 467 1795 iisque
486 1727 557 1772 meo
571 1707 704 1772 nomine
724 1705 765 1771 ad
783 1705 938 1771 invidiam
951 1721 1108 1790 uteretur,
1130 1708 1175 1774 dii

200 1817 409 1886 immortales!
426 1843 506 1911 quas
520 1842 578 1913 ego
600 1843 725 1913 pugnos
742 1835 774 1886 et
791 1835 927 1909 qusmm
941 1836 1057 1912 strages
1074 1819 1175 1888 edidi!

199 1957 279 2023 quos
298 1934 436 2022 impetus
453 1935 487 1999 in
499 1933 660 2013 Pisonem,
677 1933 713 1998 in
731 1929 917 2013 Curionem,
933 1933 1075 2001 intutam
1088 1930 1176 2000 illam

199 2069 333 2114 manum
354 2043 428 2113 feci!
453 2069 520 2138 quo
541 2046 639 2113 modo
661 2069 734 2112 sum
757 2046 926 2112 insectatus
944 2043 1104 2113 leucatem
1126 2069 1178 2114 saa

200 2183 291 2244 num,
310 2159 481 2228 libidinem
493 2158 685 2230 iuventutis!
705 2160 758 2226 tt.
770 2161 968 2228 Postearero
982 2159 1175 2252 quamlior-

200 2277 318 2342 meins
338 2275 542 2368 excogitavit,
567 2292 606 2341 ut
626 2272 729 2368 legem
752 2274 792 2340 de
815 2271 966 2366 religione
986 2273 1100 2342 Fufius
1117 2276 1175 2340 tri-

199 2386 309 2454 bunus
323 2385 369 2478 pl.
389 2385 501 2470 serres,
517 2389 553 2454 in
573 2411 639 2480 qua
656 2385 739 2454 nibil
758 2383 848 2454 aliud
865 2412 883 2452 a
901 2383 1061 2454 consulari
1083 2410 1175 2480 ruga-

200 2503 285 2568 tione
311 2499 478 2568 diffembat
501 2502 563 2568 nisi
590 2501 735 2568 iudicum
754 2523 855 2594 geum
881 2541 922 2552 -
946 2503 980 2566 in
1005 2523 1043 2566 eo
1068 2517 1174 2568 autem

199 2633 289 2684 crem
308 2617 418 2682 omnia
442 2651 503 2697 -‚
521 2619 757 2709 pugnavitque,
782 2632 820 2682 ut
840 2617 883 2681 ita
906 2614 1011 2682 lieret:
1032 2614 1122 2707 quod
1143 2631 1175 2682 et

131 2739 133 2748 '
199 2726 257 2794 sibi
273 2745 305 2795 ct
321 2725 389 2794 aliis
408 2745 605 2818 persuaserat
619 2726 718 2794 nulbs
736 2726 831 2794 illum
855 2726 1017 2794 iudicibus
1036 2725 1174 2820 effligere

199 2865 303 2930 posse:
321 2842 466 2908 contraxi
481 2838 568 2921 vela,
584 2844 776 2932 perspiciens
789 2843 932 2932 inopiam
941 2841 1100 2923 iudicum,
1116 2865 1174 2912 ne-

199 2979 263 3046 que
281 2955 348 3022 diri
365 2953 546 3048 quidquam
560 2979 619 3046 pro
639 2957 834 3038 testimonio,
853 2958 915 3022 nisi
933 2957 1023 3047 quod
1042 2973 1109 3023 erat
1132 2959 1174 3022 ita

200 3087 313 3136 notum
345 3086 442 3162 atque
470 3085 637 3152 testatum,
663 3085 700 3134 ut
725 3092 793 3135 non
825 3073 949 3159 possem
985 3073 1172 3160 praeterire:

198 3182 327 3273 quum³
349 3184 405 3249 iste
427 3205 459 3250 se
473 3181 569 3249 fluisse
586 3183 786 3248 Interamnae
802 3181 951 3271 probaret
965 3186 1143 3251 testimonio
1160 3185 1174 3226 ⁴

200 3293 236 3361 C.
258 3295 402 3362 Coscinii.
432 3296 505 3380 Quo
529 3297 708 3362 testimonio
728 3293 861 3362 Clodius
880 3297 991 3362 cadem
1014 3297 1093 3363 hora
1117 3299 1174 3365 In-

200 3427 358 3478 teramnae
385 3409 488 3476 bremt
514 3427 546 3476 et
570 3408 705 3477 Romae!
740 3411 792 3476 17.
818 3411 931 3500 Itaque
952 3409 967 3456 ὅ
987 3411 1099 3476 afflicta
1125 3435 1173 3479 res

198 3521 329 3614 publica
352 3541 399 3591 est
416 3541 522 3615 empto
538 3541 808 3616 constupratoque
823 3524 950 3591 iudicio.
978 3523 1038 3590 lllo
1056 3527 1071 3567 ⁶
1091 3525 1174 3593 furia

200 3637 408 3706 muliebrium
420 3637 628 3732 religionum,
648 3639 787 3730 quinon
808 3635 909 3728 pluris
923 3637 1037 3706 fecerat
1052 3640 1174 3706 Bonam
1204 3719 1208 3726 .

228 3798 391 3818 --n-——v--l

236 3897 257 3961 ¹)
276 3901 305 3948 ao
334 3901 384 3948 tra.
405 3902 425 3948 1.
455 3903 497 3952 ts.
527 3899 540 3970 ς
566 3904 592 3951 s.
614 3929 646 3938 -
669 3901 693 3968 ¹)
721 3905 750 3953 ae
771 3905 820 3953 tu.
841 3904 861 3951 1.
884 3905 926 3954 te.
947 3901 959 3971 ς
982 3907 1006 3951 t.
1032 3931 1066 3941 -
1090 3902 1111 3968 θ)
1131 3919 1174 3966 pra

203 3992 274 4043 Dono
293 4009 338 4044 tua
355 4009 379 4044 c.
394 3997 436 4046 to.
458 3994 527 4065 180.
549 4025 582 4036 -
601 3997 623 4066 ⁴)
643 4016 688 4064 pro
702 4001 790 4052 Milone
803 4015 825 4049 c.
843 4002 887 4050 tt.
900 3995 913 4066 §
925 4001 969 4050 16.
989 4025 1023 4036 -
1043 3998 1065 4063 ⁵)
1078 4003 1107 4050 ad
1121 4002 1170 4050 Au.

204 4087 289 4138 1.·18.
309 4085 322 4155 §
341 4091 368 4138 3.
386 4115 419 4126 -
437 4088 460 4160 ο)
480 4095 606 4158 Epicteti
627 4096 653 4146 1².
675 4097 804 4146 Lentulum
824 4096 863 4156 (ad
883 4097 950 4145 Fam.
972 4095 992 4142 1.
1014 4095 1040 4143 9.
1062 4091 1075 4160 S
1096 4093 1149 4158 tt.)
