2772 4902
765 298 807 364 ut

288 492 457 560 Platonicis
477 490 611 557 habetur
626 483 649 567 ¹3
685 489 769 580 qnod
803 507 1023 580 quamverum
1042 489 1103 569 sit,
1127 488 1175 554 rel
1197 489 1282 558 inde

288 620 394 699 patet,
420 603 503 696 quorl
528 605 611 670 nulla
633 605 709 670 fests
728 605 788 670 nisi
814 600 938 690 legibus
963 603 1082 670 sancita
1107 601 1282 670 aGraeeis

289 720 540 788 celebrabantur.
577 719 676 805 anrn
698 717 887 784 obesusam
910 720 1004 784 etiam
1028 720 1179 788 ἐπιθέτω
1205 727 1281 808 ἑορ-

289 841 366 913 sol,
391 857 471 924 qnae
490 831 603 900 deinde
622 831 884 910 instituebantur,
907 855 1031 922 semper
1046 833 1087 897 ab
1107 833 1283 922 Areopago

290 949 489 1038 comprobari
520 962 553 1014 et
586 947 701 1014 sanciri
740 945 897 1012 debebant
928 937 963 1027 ²,
996 959 1029 1012 et
1071 944 1184 1027 Plato,
1218 948 1283 1016 ubi

289 1065 327 1134 l..
352 1066 429 1132 Vlll
447 1064 487 1130 de
511 1063 646 1152 Legibus
665 1061 737 1128 inde
761 1063 801 1127 ab
826 1061 918 1128 initio
944 1059 984 1128 de
1004 1061 1089 1128 lestis
1110 1083 1203 1149 agore
1230 1061 1283 1126 in·

289 1181 391 1268 cipit,
416 1201 536 1245 summa
560 1178 707 1247 cautione
727 1189 824 1244 totam
849 1199 915 1242 rem
936 1188 1051 1243 tractat
1068 1173 1106 1242 et'
1121 1174 1283 1242 auxilium

289 1296 366 1363 adeo
387 1295 444 1362 llei
474 1292 620 1384 Delphici
654 1294 789 1360 insoent.
835 1290 924 1360 Nihil
947 1293 1031 1359 enim
1060 1293 1158 1379 magis
1178 1313 1283 1358 rere-

291 1413 403 1478 bantur
429 1409 559 1490 Graeci,
586 1405 790 1474 Athenienses
813 1395 968 1488 maxime,
994 1403 1167 1496 quamhao
1183 1405 1219 1470 in
1246 1429 1284 1471 re

291 1521 507 1613 imprudenter
525 1533 557 1588 et
572 1520 750 1588 inconsulto
771 1543 879 1611 agere:
903 1520 936 1586 in
959 1519 1109 1609 religione
1126 1547 1285 1590 sarsore·

290 1649 363 1727 μεῖν
383 1625 540 1706 slsmmnm
565 1637 741 1705 hebebatur
763 1639 870 1716 nolas,
893 1649 929 1704 ut
950 1635 1000 1705 sel
1022 1659 1061 1702 ex
1082 1648 1148 1702 tota
1164 1657 1284 1702 eornm

292 1754 421 1820 historia
448 1754 620 1842 unicuique
644 1765 777 1834 notnm;
804 1775 900 1842 quare
923 1749 1284 1842 prudentiamproaro·

290 1892 359 1936 rum
379 1867 439 1936 hae
459 1870 491 1934 in
514 1891 549 1936 re
568 1869 703 1934 maxime
725 1867 832 1934 laudat
854 1865 1019 1944 Isocrates,
1046 1865 1116 1931 loeo
1145 1864 1282 1930 classico

202 2055 207 2062 ,
290 1984 323 2048 in
356 1983 510 2071 Areopag.
546 1979 625 2070 Gap.
659 1979 703 2046 Xl
726 1973 749 2046 ⁸.
795 1979 916 2067 Quibus
955 1979 1285 2069 planeennsentnuea

290 2109 363 2162 sunt
399 2118 480 2184 qnae
515 2095 612 2160 refert
638 2093 840 2172 Plutarchus,
876 2091 1046 2184 Olympum
1078 2093 1188 2208 socias?
1217 2098 1282 2164 νό-

291 2237 372 2297 μους
395 2214 610 2298 ἁρμονικός,
641 2209 756 2297 quibus
779 2231 833 2274 sua
856 2208 951 2274 etism
977 2219 1079 2274 aetate
1103 2207 1219 2275 Graeci
1247 2208 1282 2272 in

292 2325 422 2390 deorum
453 2325 538 2390 lestis
565 2325 734 2391 utebantur
753 2318 784 2408 ⁴,
820 2337 853 2390 et
873 2325 1009 2391 narratio
1028 2323 1068 2391 de
1089 2323 1282 2400 Timotheo,

293 2439 344 2504 oui
362 2437 493 2505 chordas
516 2439 626 2506 nimias
649 2439 770 2529 Ephori
798 2452 1018 2520 resecuerunt,
1042 2438 1123 2529 apud
1141 2439 1281 2507 eundem

292 2555 394 2622 Instit.
417 2553 535 2619 Lacon.
564 2557 602 2620 17
627 2570 651 2622 ⁶.

336 2668 467 2736 blaximi
491 2669 586 2756 igitur
609 2670 806 2757 magistratus
838 2689 947 2736 eorum
971 2691 1079 2736 euram
1102 2668 1278 2758 gerebant,

294 2795 329 2848 ut
349 2784 452 2848 omnia
474 2801 560 2850 rente
583 2805 622 2849 ex
642 2784 744 2872 patrio
765 2785 826 2848 ritu
849 2796 1084 2873 peragerentur.
1107 2783 1162 2851 Sio
1178 2786 1281 2854 πολε·

291 2905 410 2987 μάρχοι
435 2896 588 2962 curabant
603 2898 802 2986 Ἀφροδίσια
817 2889 853 2970 ’.ι
890 2897 973 2986 opud
1001 2897 1162 2964 Platonem
1182 2927 1280 2985 νομο-

290 3012 433 3098 φύλακες
452 3011 594 3083 universe
613 3013 717 3078 omnia
736 3035 816 3102 quae
835 3011 874 3078 ad
890 3013 967 3080 leste
991 3013 1152 3104 pertinent
1174 3011 1274 3078 admi·

294 3126 427 3192 nistrant
446 3118 476 3196 ⁷:
518 3127 679 3216 Lyeurgus
707 3139 810 3193 orator
833 3127 915 3216 leges
938 3126 1011 3194 tulit
1038 3125 1078 3194 de
1103 3126 1278 3194 certamine

297 3295 442 3310 ”nn—-

329 3415 352 3478 1)
371 3431 398 3477 p.
412 3411 463 3462 413
477 3415 509 3463 4.
527 3415 568 3464 erl.
584 3415 691 3466 Tauolan.

326 3507 349 3574 ²)
368 3508 406 3557 cf.
421 3527 448 3572 p.
467 3506 502 3557 60
517 3525 546 3558 n.
564 3507 593 3558 2.

326 3599 352 3665 ³)
368 3600 412 3649 llll.
425 3602 517 3650 omnino
529 3603 627 3668 Dionys.
641 3602 717 3652 llalio.
733 3605 794 3654 lut.
809 3605 879 3654 horn.
905 3607 946 3655 ll.
966 3624 992 3670 p.
1014 3606 1064 3656 474
1080 3623 1119 3670 sq.
1138 3615 1161 3655 at
1176 3603 1274 3654 tneor·

293 3692 392 3743 llhetor.
410 3695 440 3743 erl
456 3696 526 3744 Alex.
543 3698 590 3746 lll.
611 3715 636 3760 p.
662 3693 729 3745 1⁴23
748 3698 848 3746 bekker.

327 3788 350 3850 l)
368 3790 400 3838 lla
419 3790 503 3840 llurioa
523 3791 551 3840 7.

326 3881 349 3946 ⁵)
365 3883 403 3934 Gi.
425 3883 474 3932 tiu
489 3884 582 3949 sgittis,
603 3883 635 3932 10
650 3885 715 3933 ettle
732 3886 830 3947 prnleet.
850 3887 874 3934 in
893 3886 948 3936 virt.
970 3885 1014 3936 13.
1088 3939 1095 3946 ,

327 3975 353 4036 ⁸)
371 3977 482 4038 Xenoplr.
497 3978 591 4026 llellon.
608 3979 635 4025 V.
658 3980 686 4026 4.
710 3981 738 4026 4.

327 4067 349 4128 7)
368 4070 400 4116 lle
421 4069 492 4133 legg.
510 4071 539 4118 l..
561 4071 613 4118 tttt
629 4071 683 4120 init.
