2772 4902
764 336 807 396 ,78

288 524 493 592 excitaverint
521 545 625 591 sensus
646 543 770 590 necesse
786 523 857 590 est?
888 519 1040 591 Herodoti
1054 519 1214 593 historiae
1242 527 1275 592 in

289 641 502 734 iisfrecitetne
535 637 727 706 adolescenti
760 636 940 728 Thucydidi
969 637 1115 704 lacrimat
1137 642 1277 708 movisse

288 777 424 846 eumque
446 753 484 819 ad
506 753 731 820 nobilissimam
751 753 992 820 aemulationem
1014 753 1194 822 incendisse
1223 756 1278 823 di-

289 883 421 936 cuntur:
447 889 527 957 quae
550 871 687 934 narratio
707 869 781 936 licet
805 869 936 935 fortasse
965 868 1039 935 falsa
1071 871 1132 948 rit,
1164 885 1276 940 tamen

289 983 365 1074 quid
390 1005 424 1047 er
447 983 584 1070 ipsorum
604 983 794 1050 Graecorum
826 983 973 1072 opinione
1005 977 1073 1048 lieri
1106 986 1278 1073 potuerit,

287 1098 360 1162 setis
387 1095 534 1163 declarat.
580 1095 722 1184 Longum
739 1110 786 1162 est
806 1093 836 1160 h.
855 1095 878 1163 l.
899 1094 940 1161 de
960 1096 1087 1185 singulis
1106 1119 1204 1186 agere
1230 1101 1279 1166 se·

288 1214 363 1288 stin,
385 1211 437 1277 scd
455 1231 558 1276 nonne
582 1208 777 1298 Ἐλευθέρια
800 1233 826 1275 e.
848 1232 877 1298 q.
895 1210 987 1276 variis
1006 1211 1083 1277 locis
1114 1213 1280 1280 celebrata

290 1341 493 1414 tyrannorum
520 1323 646 1402 odium,
666 1324 820 1390 libertatis
837 1345 973 1392 amorem
992 1325 1074 1394 alere
1088 1325 1280 1394 debebant?

292 1441 406 1507 Nonne
422 1453 489 1506 tum
502 1461 538 1506 ca
554 1462 634 1529 quae
647 1437 741 1505 modo
758 1441 901 1522 universo
915 1439 955 1505 de
972 1438 1089 1506 hlusica
1106 1440 1191 1522 dixi,
1211 1455 1279 1509 tum

290 1556 355 1645 ipsa
376 1555 453 1622 adeo
478 1553 698 1644 Gymnastice,
724 1576 856 1644 corpora
879 1553 1065 1644 pulchraet
1086 1554 1182 1624 firma
1206 1555 1276 1624 effi·

290 1671 391 1748 ciens,
412 1671 549 1736 studium
578 1669 656 1734 illud
677 1669 804 1760 pulchri
816 1684 977 1760 praeterea
995 1669 1110 1736 eximie
1129 1670 1275 1750 alebant,

291 1787 375 1875 quud
402 1785 434 1849 in
457 1784 586 1850 historia
622 1783 826 1851 humanitatis
854 1783 1009 1874 quantivis
1036 1795 1083 1849 est
1108 1785 1221 1874 pretii
1237 1782 1276 1850 ¹?

289 1899 371 1986 Quid
401 1912 505 1964 autem
523 1897 563 1964 de
579 1897 735 1988 Myrteriis
750 1897 862 1977 dicam,
874 1921 954 1989 quae
975 1897 1024 1964 rel
1040 1899 1187 1967 omnium
1206 1901 1277 1990 pri·

291 2036 343 2080 mo
363 2013 432 2079 loco
451 2013 580 2080 luissent
600 2015 801 2092 nominanda,
816 2014 855 2082 de
878 2015 995 2107 quihus
1019 2014 1156 2088 Cicero:
1178 2041 1275 2085 auam

291 2128 371 2194 mihi
389 2149 488 2218 quum
511 2127 610 2193 multe
631 2129 745 2195 eximie
763 2128 935 2220 divinaque
959 2130 1107 2198 ridentur
1128 2131 1278 2200 Atheneo

286 2255 364 2308 tuae
389 2242 545 2331 peperisse
566 2255 660 2333 atque
679 2243 710 2308 in
735 2245 798 2308 nita
826 2243 990 2312 hominum
1011 2245 1180 2327 attulisse,
1208 2259 1276 2314 tom

292 2356 372 2421 nihil
390 2355 502 2422 melius
522 2356 583 2421 illis
604 2356 776 2445 Mystcriis,
797 2359 912 2447 quibus
943 2381 979 2424 ex
1011 2363 1126 2449 agresti
1151 2363 1274 2428 imma-

291 2470 388 2559 nique
416 2471 478 2534 nita
501 2471 619 2536 exculti
641 2471 679 2538 ad
703 2472 929 2540 humanitatem
948 2487 980 2540 ct
1005 2475 1142 2564 mitigati
1159 2497 1278 2557 sumus,

289 2585 442 2674 initiaque
466 2597 502 2651 ut
518 2584 734 2675 appellantur,
758 2588 803 2654 itu
821 2611 928 2656 resera
944 2588 1100 2678 principie
1123 2592 1209 2658 ritae
1221 2613 1275 2657 co·

288 2701 470 2789 querimus,
496 2723 599 2789 aeque
613 2703 713 2768 tolum
736 2725 809 2770 cum
830 2703 949 2770 laetitia
974 2703 1098 2770 risendi
1114 2705 1274 2772 rationem

290 2815 485 2904 accepimus,
512 2815 565 2880 scd
599 2817 695 2886 etiam
721 2839 793 2884 cum
830 2840 884 2908 spe
912 2817 1042 2884 meliore
1070 2819 1231 2886 moriendi
1250 2815 1276 2884 ².

290 2929 364 2997 Scio
384 2931 565 2995 interiorem
585 2930 805 3019 Mysteriorum
829 2931 1006 2998 doctrinam
1033 2929 1130 3000 hodie
1153 2933 1188 3000 in
1215 2935 1276 3001 du·

292 3043 381 3108 bium
402 3043 522 3123 sonari,
548 3054 580 3108 et
605 3046 746 3132 quamvis
762 3045 912 3110 Loheckii
935 3058 967 3110 ct
1000 3045 1178 3112 Brouwerii
1202 3069 1275 3114 ecn-

291 3157 410 3232 tentia‚
430 3155 548 3222 nullam
566 3155 740 3224 doctrinam
764 3159 892 3248 proprie
912 3160 955 3225 ita
979 3158 1096 3226 dictam
1119 3183 1273 3251 umquam

292 3273 323 3336 in
347 3272 384 3336 ils
407 3271 594 3350 obtinuisse,
619 3273 746 3339 fortasse
769 3273 924 3340 veriorsit
947 3272 1088 3340 habenda
1103 3265 1130 3356 ³,
1157 3275 1205 3342 rel
1229 3275 1273 3341 sic

325 3461 347 3524 ¹)
365 3463 398 3509 De
409 3462 479 3524 hujus
495 3461 645 3524 [μηνύω
659 3478 710 3510 oum
728 3463 815 3512 artibus
834 3465 1008 3521 εἰκαστικατς
1031 3463 1124 3512 vinculo
1144 3463 1273 3514 nrctinrino

289 3555 357 3604 nidd.
374 3553 559 3618 Winehelurnnn,
576 3556 658 3605 Werhe
676 3559 699 3605 1.
722 3555 755 3606 lo
765 3573 804 3621 sq.
825 3565 851 3606 ct
869 3557 984 3620 walchen,
1001 3557 1117 3606 Zeitochr.
1130 3558 1170 3606 ldr
1181 3556 1269 3606 Geuolr.

289 3649 329 3696 der
347 3647 410 3696 alten
425 3649 499 3697 Konst
517 3651 539 3697 l.
559 3646 588 3698 2.
603 3677 635 3687 -
652 3652 684 3699 lle
700 3651 751 3713 ipsa
766 3651 825 3698 adeo
838 3649 1009 3712 pulchritudine
1031 3653 1129 3702 demumr
1150 3650 1273 3702 manin

287 3741 393 3790 ltchuime
410 3741 509 3803 publice,
528 3752 588 3804 patet
604 3761 633 3792 ex
648 3744 736 3793 Athen.
750 3745 821 3792 xltt.
840 3741 890 3806 9⁰,
906 3744 1009 3794 taem.
1023 3746 1070 3794 11.
1083 3744 1131 3795 22.
1146 3744 1176 3794 2.

324 3834 348 3899 ²)
366 3834 415 3883 Cic.
428 3835 538 3900 deLepp.
555 3838 589 3884 ll.
606 3835 649 3886 ld.
662 3839 706 3886 Gd-
726 3837 819 3886 Pindar.
834 3837 919 3900 hagno.
939 3838 1052 3887 ΠΜ.
1069 3837 1143 3888 sed.
1164 3837 1271 3890 uim-r

288 3928 389 3977 Clemens
404 3929 474 3976 Aler-
493 3929 577 3978 Suom.
592 3931 638 3978 ΙΙΙ.
656 3947 681 3991 p.
696 3928 747 3978 518
763 3940 787 3976 et
802 3929 889 3978 cherua
904 3932 1015 3990 μυστὸν
1028 3931 1053 3979 in
1070 3929 1188 3994 aucupa.
1202 3931 1266 3978 nm.

293 4019 342 4068 448
358 4039 413 4084 sqq.

324 4113 346 4178 ³)
368 4115 404 4162 Cl.
420 4115 537 4164 l’elmhlnd
553 4117 576 4164 in
598 4116 659 4164 Jahn
675 4115 721 4162 und
744 4117 821 4178 Klots,
848 4117 911 4165 h'ette
928 4117 1074 4166 tabennense
1093 4119 1131 4166 sur
1146 4113 1263 4176 Philoton·
