2862 4894
626 307 666 370 15

175 491 274 558 ntoria
293 513 354 558 non
372 487 542 567 admodum
555 491 803 580 exspectabatur,
821 492 877 582 qni
894 489 1135 560 adolescentiam

177 605 320 672 inlorensi
334 627 443 695 opera,
459 617 642 696 quaesturae
657 604 841 672 diuturnum
858 619 994 697 tempus,
1007 608 1134 675 llureue

177 718 275 786 bellum
291 721 321 785 in
340 720 441 786 Ponto
457 731 601 810 gerente,
618 719 651 786 in
671 719 763 798 Asia,
778 742 869 810 pace,
889 737 1134 810 consumpserat.

178 833 227 900 Sed
246 832 433 902 incredibilis
456 832 609 924 quaedam
632 835 750 924 ingenii
780 835 964 925 magnitudo
987 858 1051 903 nou
1073 836 1133 902 de·

182 946 303 1015 sideratit
331 947 512 1040 indocilem¹
529 971 601 1014 usus
623 947 831 1040 disciplinam.
879 950 1016 1040 ltaque„
1036 973 1135 1041 quum

185 1075 264 1131 totum
291 1064 350 1132 iter
381 1077 413 1130 et
445 1064 675 1152 narigatiouam
699 1065 938 1154 consumpsisset
961 1065 1079 1155 partim
1102 1066 1135 1130 in

185 1175 369 1263 percontando
392 1201 410 1244 a
433 1177 560 1267 peritia,
583 1177 702 1268 partim
719 1178 751 1244 in
763 1179 860 1244 rebus
875 1179 968 1268 gestis
983 1177 1133 1268 legendis,

185 1288 324 1358 iubsiam
354 1291 456 1356 factus
478 1291 649 1381 imperator
680 1291 784 1372 renit,
811 1315 910 1382 quum
933 1305 1012 1359 esset
1035 1293 1136 1358 Roma

186 1403 316 1489 profectus
336 1405 383 1472 rei
406 1403 550 1472 militaris
574 1404 669 1474 rudis.
718 1411 771 1474 32.
795 1405 917 1474 Habuit
939 1407 1023 1473 enim
1051 1405 1136 1472 diri-

184 1516 407 1606 namquamdam
419 1518 606 1586 memoriam
621 1541 727 1586 rerum
744 1557 784 1572 -
801 1520 968 1586 verborum
984 1519 1136 1588 maiorem

181 1628 358 1702 Hortensius:
392 1631 462 1711 sed,
493 1654 557 1722 quo
588 1632 659 1722 plus
691 1633 724 1698 in
748 1633 881 1720 negotiis
904 1633 1047 1720 gerendis
1070 1656 1134 1710 res,

179 1766 255 1832 quam
277 1746 370 1814 rerba
392 1759 535 1837 prosunt,
558 1744 620 1812 hoc
643 1757 710 1812 erat
731 1747 881 1812 memorie
904 1745 957 1812 ille
980 1759 1138 1835 praestan·

176 1859 227 1924 tior
241 1897 282 1910 —
301 1883 398 1950 quam
414 1861 506 1928 luisse
524 1861 557 1926 in
574 1859 800 1938 Themistocle,
826 1881 920 1949 quem
935 1859 1026 1926 lacile
1042 1857 1138 1926 Grae-

178 1973 230 2040 tine
245 1975 419 2066 principem
443 1976 609 2065 ponimns,
629 1973 954 2062 singularemserunt.
987 1973 1048 2059 Qui
1067 1973 1139 2062 qni-

176 2083 348 2156 demetiam
370 2089 536 2179 pollicenti
559 2088 705 2167 cuidam,
730 2111 762 2156 se
782 2101 881 2156 artem
899 2089 929 2154 ei
952 2088 1137 2169 memoriae,

173 2223 241 2288 qnae
263 2216 331 2270 tum
353 2204 492 2293 primum
511 2203 747 2293 proferebatur,
772 2204 975 2286 traditurum,
1003 2225 1138 2293 respou-

169 2315 240 2384 disse
255 2317 382 2397 dicitur,
403 2320 561 2386 oblivisci
576 2341 612 2384 so
627 2319 731 2384 molle
749 2318 902 2384 discere:
927 2315 1034 2400 credo,
1053 2316 1138 2407 quod

165 2427 330 2500 haerebant
345 2432 379 2500 in
400 2433 552 2500 memoria
572 2454 782 2522 quaecunque
797 2442 829 2497 et
853 2429 1017 2511 audierat,
1040 2444 1072 2497 et
1091 2431 1139 2496 ri·

166 2542 259 2612 derat.
306 2545 374 2614 Tali
409 2547 535 2636 ingenio
569 2544 729 2635 praeditus
766 2544 918 2614 Lucullus
956 2542 1141 2610 adiunxerat

164 2661 253 2726 etiam
268 2660 369 2743 illam,
387 2684 483 2751 qnam
500 2659 726 2728 Themistocles
742 2671 910 2750 spreverat,
931 2657 1139 2748 disciplinam.

162 2773 285 2866 ltaque,
309 2788 345 2842 nt
363 2775 462 2844 literis
482 2775 809 2865 consignamus‚.quae
825 2773 1036 2840 monumentis
1052 2794 1139 2838 man·

163 2885 235 2956 dare
254 2887 414 2958 volumus:
446 2891 492 2956 sic
513 2889 569 2956 ille
592 2891 622 2956 iu
648 2889 752 2956 enimn
774 2911 823 2956 res
844 2885 1014 2978 insculptas
1038 2885 1140 2952 habe·-

161 3001 223 3073 bat.
271 3008 327 3072 33.
353 3003 470 3072 Tantus
491 3027 565 3093 ergo
583 3005 752 3094 imperetur
769 3004 801 3068 in
823 3002 908 3068 omni
931 3023 1045 3090 genere
1063 2999 1141 3066 belli

162 3117 238 3195 luit,
262 3117 404 3207 proeliis,
428 3117 732 3208 oppugnationibus,
752 3115 911 3183 naralibus
938 3116 1067 3205 pugnis,
1090 3126 1140 3181 to·

162 3235 286 3324 tinsqne
306 3232 380 3300 belli
398 3235 608 3302 instrumento
627 3247 659 3301 et
678 3245 839 3324 apparatu,
860 3245 896 3298 ut
915 3231 968 3298 ille
989 3253 1051 3312 rer,
1070 3243 1142 3320 post

160 3346 373 3415 Alexandrum
390 3349 560 3426 maximus,
584 3347 669 3414 bunc
691 3371 708 3413 a
730 3370 762 3414 se
783 3347 933 3414 maiorem
954 3344 1069 3410 ducem
1088 3365 1143 3408 co·

157 3462 300 3550 gnitum,
321 3485 416 3552 quarn
440 3485 630 3552 quemquam
654 3483 783 3542 eorum,
808 3483 886 3551 quos
907 3460 1046 3549 legisset,
1063 3457 1142 3524 fate·

160 3587 260 3642 retur.
297 3575 332 3640 ln
355 3575 466 3644 eodem
482 3588 569 3643 tanta
589 3574 757 3665 prudentia
777 3575 839 3642 luit
862 3574 895 3639 in
916 3571 1142 3640 constituendis

159 3686 437 3779 temperandisque
465 3689 658 3768 civitatibus,
690 3700 776 3756 tante
806 3687 964 3778 aequitas,
984 3699 1019 3753 ut
1047 3684 1143 3751 hodie

157 3815 219 3870 stet
238 3803 317 3870 Asis
335 3801 463 3869 Luculli
486 3802 636 3870 institutis
660 3801 817 3868 servandis
839 3813 871 3867 et
896 3801 984 3891 qnasi
1008 3799 1143 3886 vestigiis

157 3915 398 4010 persequendis.
445 3915 527 4000 Sed,
558 3915 615 3994 etsi
639 3938 840 4008 magnacum
863 3914 1001 3981 utilitate
1024 3912 1070 3978 rei
1086 3932 1143 3998 pu·

158 4033 283 4113 blicae,
311 4043 414 4100 tamen
432 4029 562 4118 diutins,
584 4054 678 4122 quom
697 4030 829 4114 sellem,
854 4041 938 4098 tnnta
957 4029 1000 4098 ris
1019 4022 1145 4093 rirtutis
