2914 4902
599 353 660 418 167

176 566 230 610 noa
251 555 297 610 est
328 539 450 608 silentio
474 537 730 630 praetereundus.
767 546 939 628 Pisoraca,
965 543 1059 620 πόλις
1083 553 1139 628 τῆς

174 659 317 741 Τρωάδος
332 661 388 724 s‘rrl
406 665 447 744 τῇ
463 662 550 742 ἄκρᾳ
565 664 621 740 τῆς
637 656 746 740 Ἴδης,
765 654 871 722 πάλαι
889 661 1066 744 Γάργαρος
1080 685 1140 724 ssa-

172 773 317 858 λουμένη.
331 807 372 822 -·
385 771 543 856 Ἀλκμὰν
560 771 595 838 di
608 768 765 856 θηλυκῶς
773 775 833 854 τὴν
843 775 1019 857 Γάργαρόν
1032 797 1142 858 φησιν,

172 879 235 974 1ιῇ
254 893 426 973 κατῴκουν
453 884 605 967 Λέλεγες·
628 885 809 971 ὠνομάσθη
828 885 858 952 d'
872 889 937 952 ἀπὸ
961 891 1142 974 Γαργάρου

168 1009 220 1069 rao
234 1007 336 1080 Διὸς,
364 1007 421 1068 τοῦ
441 1005 478 1066 ἐκ
498 1013 555 1086 τῆς
568 1003 734 1086 Λαρίσσης
751 1004 787 1068 ἓν
808 998 985 1083 Θεσσαλίᾳ.
1021 997 1144 1064 Postre-

169 1136 211 1180 rus
234 1115 265 1179 in
287 1113 401 1204 primis
425 1111 636 1179 Alexandrum
664 1111 818 1191 redolent,
842 1113 914 1176 talia
927 1111 1041 1179 addere
1062 1133 1151 1201 qua-·

170 1229 208 1294 sis
230 1228 470 1318 opportunitate
482 1227 624 1318 solitum,
648 1225 680 1292 in
706 1225 852 1294 hacrero
870 1230 1019 1314 ἐξηγήσει
1037 1225 1144 1292 dedita

168 1365 251 1432 opera
268 1355 496 1432 exponentem.
524 1342 673 1410 Ceterum
689 1341 714 1406 si
731 1339 808 1430 quid
831 1339 989 1428 conjicere
999 1342 1142 1428 juraret.

168 1459 208 1524 hia
228 1459 416 1548 fragmentis
433 1457 522 1546 plura
545 1467 671 1546 possent
688 1478 723 1520 ex
746 1452 908 1544 Stephano
935 1452 1032 1538 addi,
1058 1454 1144 1522 uelut

167 1572 214 1638 uhi
235 1583 351 1640 narrat
373 1569 555 1638 lleraoleam
580 1569 689 1638 Garine
704 1591 773 1634 eam
795 1569 887 1634 luisse
905 1569 1029 1650 urbem,
1047 1591 1144 1658 quam

169 1685 372 1778 appellaverit
383 1685 514 1754 Alcman
529 1683 683 1752 Latmum
701 1681 730 1761 ¹3
741 1683 820 1750 haeo
835 1685 1000 1750 enimcum
1013 1682 1147 1752 Schnei-

170 1801 284 1870 tesino
308 1799 409 1868 credo
437 1799 623 1890 deprompta
644 1821 710 1864 esse
736 1820 772 1864 ex
797 1797 964 1866 Alexandri
985 1803 1144 1886 ἐξηγήσει·

172 1915 212 1982 ssd
235 1938 339 2006 quum
364 1915 397 1981 in
420 1913 482 1981 illis
506 1913 705 1981 brevissimus
727 1913 769 1977 sit
784 1911 962 2002 Stephanus
977 1931 1036 1978 nec
1054 1909 1148 2000 quid·

176 2053 255 2118 ruam
281 2029 352 2095 iere
374 2027 435 2092 uisi
457 2029 584 2094 uomina
607 2026 775 2117 praebeat,
800 2049 862 2092 non
875 2025 1029 2114 intelligo,
1054 2043 1149 2113 quem

171 2147 256 2232 possit
269 2145 349 2211 inde
365 2165 413 2208 res
428 2141 595 2208 Alexandri
607 2143 746 2208 fructum
764 2143 936 2233 percipere.
970 2138 1052 2226 Quid
1062 2139 1148 2206 euim

171 2259 312 2346 prodest,
340 2277 472 2346 quaeso,
495 2257 574 2324 scire
597 2254 770 2344 dequibus
791 2255 937 2344 gentibus
960 2255 1150 2348 oppidisque

170 2373 357 2442 Alcmanicis
381 2370 557 2438 Alexander
577 2370 736 2459 scripserit
759 2367 810 2438 rel
827 2369 962 2436 scribere
985 2369 1147 2460 potuerit,

170 2487 295 2578 siquid
323 2485 485 2574 scripserit
512 2485 690 2574 ignoramus
711 2482 750 2550 ²?
784 2484 852 2569 Quo
872 2483 1018 2550 circahis
1035 2485 1067 2550 in
1080 2507 1149 2550 sus-

171 2623 257 2689 penso
281 2599 406 2668 relictis
429 2597 532 2664 redire
555 2598 637 2664 malo
668 2597 707 2664 ad
743 2610 960 2688 argumentum
992 2597 1149 2687 operiret
1236 2689 1242 2696 ι

171 2737 252 2804 agere
275 2716 317 2781 de
343 2713 487 2793 consilio,
513 2735 576 2802 quo
593 2713 715 2780 editum
743 2711 838 2780 luisse
861 2710 1013 2778 rideatur.

211 2829 461 2897 commentarios
483 2834 558 2915 περὶ
579 2829 774 2916 Ἀλκμᾶνος
796 2827 959 2894 coniecere
981 2824 1151 2892 Ptolemaei

170 2941 366 3033 Philadelphi
390 2953 489 3009 astate
508 2941 648 3008 Sosibius
671 2941 756 3008 Laco
779 2940 805 3022 ³,
828 2947 848 3011 ό
874 2943 1007 3020 λυτικὸς
1027 2938 1150 3018 dictus,

170 3061 322 3076 ξ..-

200 3109 221 3172 ¹)
237 3125 260 3157 r.
280 3099 452 3177 ‘desslasm

200 3199 223 3263 ²)
241 3201 353 3250 Universa
370 3199 439 3248 hssius
454 3199 489 3248 sai
505 3199 565 3248 ratio
581 3199 687 3248 habende
703 3209 738 3248 est
754 3199 779 3249 iu
796 3199 926 3265 lrsgasautis
942 3198 1038 3249 alieuius
1056 3198 1149 3265 seriptu-

171 3292 199 3342 ris
214 3293 357 3359 colligendis.
370 3353 372 3358 Α
387 3293 439 3342 uon
456 3291 540 3341 suffisu‘t
556 3291 612 3342 scire
629 3309 693 3360 quas
710 3309 752 3344 ras
766 3293 790 3342 iu
807 3311 874 3357 opera
896 3295 1011 3358 deperdito
1025 3295 1150 3362 tetigerit,
1238 3321 1241 3330 ν

173 3387 209 3434 sal
223 3405 268 3454 para
284 3389 355 3438 ascalo
366 3388 395 3436 de
409 3387 488 3436 iisdem
504 3391 654 3454 seposuerit.
688 3388 713 3437 si
721 3390 792 3438 fertur
806 3406 827 3437 e.
844 3406 866 3453 ρ.
879 3389 1023 3438 Aristobulo:
1037 3387 1150 3438 venustis·

173 3477 245 3529 sixssas
262 3483 363 3544 pinxim
381 3481 517 3530 Ts'ssorlaas
536 3480 861 3546 imagineasss’iutsrchlt'on
872 3498 938 3548 poss.
955 3483 1087 3532 sasnuas'u.
1099 3480 1153 3547 X),

174 3571 371 3624 immistus
378 3573 554 3637 eiusdescriptio
572 3577 636 3641 tyrs*
643 3576 757 3640 (lisand.
768 3575 798 3626 da
813 3593 900 3626 essessa
911 3579 943 3626 ll.
957 3576 1007 3641 1·),
1020 3574 1153 3625 conducunt

175 3666 247 3731 utique
268 3670 327 3719 haee
345 3671 488 3719 testimonio
505 3669 534 3718 ad
549 3669 650 3720 indolens
674 3671 746 3734 operis
761 3671 953 3738 ouguoeoeudsas,
969 3673 994 3720 in
1003 3673 1152 3738 fraumenta

176 3759 296 3824 aso'pirmls
312 3779 362 3812 aon
378 3771 440 3812 suut.
475 3763 540 3828 Quod
558 3773 584 3812 ut
599 3779 702 3812 moneam
711 3765 785 3814 Geieri
793 3766 847 3814 lacit
855 3766 999 3831 vituperium,
1012 3766 1075 3830 qnod
1088 3767 1153 3832 leges

177 3851 329 3918 Zss'tsehr.s.
348 3856 372 3908 d.
389 3855 514 3908 Anseres.
528 3853 603 3906 1816.
620 3874 642 3920 p.
661 3855 738 3922 llll,
752 3859 777 3907 ia
795 3875 889 3909 cemma
906 3860 951 3909 xaei
967 3860 1072 3925 opusculi
1088 3869 1150 3908 oete-

177 3960 222 3995 nua
235 3947 404 3998 humanissima.
422 3949 508 3998 'lamen
524 3949 598 3999 Geieri
613 3950 706 4016 sestula
718 3951 799 4016 pressit
811 3953 934 4004 Muellerus
946 3956 1050 4020 θήρα.
1067 3965 1154 4002 seruas

180 4038 247 4090 Ate.
259 4043 296 4092 Al.
314 4059 337 4104 p.
355 4039 390 4090 95
407 4049 430 4089 et
447 4039 490 4092 98.

213 4131 235 4202 ²)
251 4131 298 4186 'Es
311 4138 398 4206 τρίτῳ
412 4137 478 4204 περὶ
498 4133 651 4203 Ἀλκμᾶνος
667 4095 773 4191 lsudslnr
788 4139 942 4190 shltheusao
960 4141 1003 4192 ill.
1021 4157 1044 4203 p.
1063 4135 1113 4189 115
1121 4138 1154 4202 l,
