2772 4902
747 353 788 417 80

286 533 1277 629 whmfflumfflmwmmmndmomh

287 675 384 742 quum
409 664 443 718 nt
466 650 504 717 ad
529 671 635 717 ornnes
665 651 875 740 pertinerent,
902 653 1011 718 civitas
1038 651 1280 742 maximopere,

284 783 320 833 ut
343 766 494 848 vidimus,
520 779 665 846 curaret,
697 787 858 855 quumque
882 766 959 832 festa
995 777 1059 832 tarn
1083 766 1275 856 frequentia

286 897 406 962 essent,
438 880 569 950 Athenis
592 880 740 958 maxime,
772 903 833 946 non
858 893 990 970 potuere
1014 901 1075 946 non
1098 881 1277 947 maximam

287 997 319 1063 in
343 999 485 1061 universo
515 995 634 1085 populo
657 995 721 1062 sim
744 1017 900 1062 exercere.
945 994 1026 1061 Iure
1058 994 1158 1082 igitur
1186 994 1281 1062 I’Iato

288 1123 385 1176 totam
416 1131 481 1176 rem
501 1110 539 1176 ad
570 1108 703 1175 hominis
727 1131 830 1175 reram
854 1107 962 1174 retulit
989 1111 1185 1177 nauscam:
1212 1110 1279 1197 ὅλη

288 1228 418 1314 χορεία,
435 1224 494 1311 ὅλη
509 1226 680 1302 παίδευσις
701 1221 725 1262 ¹·
737 1222 810 1308 jure
826 1219 1038 1310 Thucydides:
1060 1228 1157 1307 ἑορτὴ
1172 1223 1278 1292 οὐδὲν

286 1339 370 1406 ἄλλο
396 1343 484 1408 ἐστὶν
503 1348 524 1424 'i
546 1345 582 1406 τὸ
600 1345 641 1407 τὰ
661 1339 781 1406 diorroe
803 1345 960 1425 πράττειν
984 1335 1014 1418 ²,
1039 1347 1071 1402 et
1096 1335 1284 1424 Diogenen

288 1455 370 1540 ἀνὴρ
406 1457 533 1536 ἀγαθὰς
567 1453 605 1520 οὐ
637 1461 746 1520 πᾶσαν
779 1452 903 1538 ἡμέραν
932 1457 1049 1539 ἑορτὴν
1076 1459 1213 1537 ἡγεῖται
1248 1445 1276 1532 ⁸5

284 1568 360 1654 jure
377 1564 567 1656 Pythagoras
587 1563 729 1631 homines
747 1577 823 1632 tuno
846 1565 980 1655 optimos
1003 1586 1066 1630 osse
1089 1563 1196 1648 dicit,
1224 1567 1282 1634 ubi

287 1680 326 1746 ad
346 1679 426 1746 lieos
441 1680 473 1744 in
496 1679 581 1746 Iastia
608 1679 763 1745 accedunt
786 1676 813 1742 ⁴.
857 1676 897 1745 IIt
922 1699 1114 1768 quemquam
1138 1679 1280 1746 minime

289 1793 487 1884 negandum,
522 1793 684 1884 pervigilia
707 1806 741 1859 et
774 1793 835 1859 alia
869 1814 949 1882 quae
972 1813 1094 1857 morum
1123 1791 1281 1860 licentiae

290 1908 378 1974 valde
401 1909 555 1987 inserent,
581 1909 612 1974 in
637 1908 674 1973 iis
697 1907 842 1973 habuisse
866 1906 989 1986 Iocum,
1015 1926 1077 1995 quo
1100 1907 1237 1973 nomine
1261 1931 1279 1972 a

289 2021 432 2089 Patribus
448 2022 605 2089 Ecclesiae
628 2021 782 2111 imprimis
803 2021 1015 2110 maximopere
1033 2019 1280 2111 reprehendun·

291 2149 344 2202 tur
366 2133 556 2202 Graecorum
581 2136 670 2215 festa,
695 2157 793 2224 quum
818 2145 977 2224 praeterea
1000 2135 1097 2200 nimia
1121 2135 1281 2226 frequen-

293 2249 333 2314 tia
370 2260 402 2314 et
436 2249 556 2314 luxuria
591 2249 712 2314 civitati
746 2247 824 2314 adeo
862 2248 1034 2338 perniciosa
1074 2249 1278 2330 exstiterint,

293 2375 328 2427 ut
349 2358 390 2427 de
413 2363 588 2428 Tarentinis
611 2387 639 2430 e.
664 2387 692 2450 g.
716 2375 747 2427 et
771 2361 1013 2430 Atheniensibus
1027 2364 1093 2452 jam
1118 2363 1279 2443 ridImus‚

292 2491 432 2565 tempora
461 2489 561 2543 tamen
580 2475 638 2541 hac
656 2476 686 2541 in
708 2500 741 2543 re
758 2475 925 2566 diiigenter
941 2489 1012 2543 sunt
1027 2475 1277 2566 distinguenda,

291 2591 396 2680 prouti
420 2591 466 2657 rel
490 2613 529 2657 ex
546 2588 706 2657 Athenaeo
732 2589 819 2670 VIII,
844 2593 900 2670 65,
927 2593 971 2657 66
988 2603 1020 2656 et
1038 2612 1074 2656 ex
1093 2603 1159 2658 tota
1178 2594 1276 2660 Grae·

291 2729 399 2772 corum
432 2704 580 2782 historia,
604 2707 698 2772 etiam
723 2729 772 2771 me
799 2728 860 2771 non
888 2716 1052 2784 monente,
1075 2707 1149 2771 satis
1178 2729 1276 2797 appa·

290 2833 348 2888 ret.
371 2818 611 2909 Antiquiorihus
622 2832 654 2884 et
668 2819 851 2916 melioribus
865 2819 1059 2908 temporibus
1071 2833 1102 2888 et
1115 2821 1183 2911 ipse
1195 2822 1275 2887 festa

292 2935 382 3024 longe
391 2929 710 3023 erantsImpIieiora⁵‚
723 2934 927 3026 necproiecto
936 2932 973 3000 ad
984 2947 1117 3002 aetatem
1126 2933 1193 3023 jam
1204 2957 1278 3030 epr-

292 3061 417 3136 rnptnm
441 3046 756 3113 Lacedaemoniorum
781 3048 917 3137 pertinet
950 3045 989 3112 de
1012 3044 1130 3116 IIelotis
1154 3049 1276 3116 inebri-

293 3159 380 3228 nndis
412 3183 478 3228 mos
509 3174 698 3229 memoratus
721 3184 792 3250 pag.
818 3163 874 3226 71.
923 3160 1003 3247 Quid
1039 3160 1122 3251 quod
1147 3162 1277 3252 Euripi·

292 3274 346 3342 des
370 3297 424 3342 sua
447 3275 541 3342 etiam
563 3263 666 3360 ¹netttp
698 3277 728 3340 in
761 3273 862 3342 media
896 3275 1115 3363 dionysiornnr
1148 3275 1275 3343 licentia

294 3388 400 3457 dicere
424 3390 550 3479 potuit:

329 3639 351 3702 Ι)
372 3641 405 3688 ne
421 3640 492 3705 lagg.
510 3641 544 3690 II.
559 3638 611 3690 672
625 3643 653 3689 R.

327 3733 354 3797 ²)
370 3733 477 3799 Thncyd.
491 3735 514 3784 I.
530 3733 576 3784 70.

328 3823 350 3888 ³)
370 3826 489 3875 Plutarch.
503 3827 625 3890 de'I'xanq.
641 3827 717 3874 Inim.
729 3825 775 3877 20.
788 3829 825 3877 GI.
839 3827 938 3888 Grotius,
957 3829 1057 3878 Praeiat.
1068 3829 1098 3878 ad
1107 3829 1174 3879 snb.
1187 3847 1213 3892 p.
1224 3824 1271 3876 66.

292 3918 334 3968 ad.
345 3919 420 3968 natat.

328 4012 351 4070 ⁴)
371 4014 490 4063 I’Iutareh.
502 4014 531 4062 de
545 4005 682 4076 sapiunt.
693 4015 732 4065 Ch.
741 4015 841 4065 deosne.
859 4015 946 4066 deIeot.
957 4015 982 4071 'n
994 4017 1079 4068 Seneca
1095 4017 1163 4082 Epist.
1179 4013 1221 4064 91.
1234 4009 1275 4061 tt.

328 4107 354 4170 ε)
371 4108 407 4155 cr.
423 4109 486 4156 na.
499 4107 527 4155 ae
539 4107 620 4168 cunr.
636 4108 707 4156 nnn.
721 4108 748 4157 8.
