2772 4902
731 291 792 352 146

268 473 389 540 ridetur
416 474 644 542 Chaldaeorum
664 475 791 542 historia
813 501 881 544 rere
897 479 943 543 sic
966 477 1061 555 dicta;
1087 478 1168 544 uude
1187 501 1251 546 non

267 589 400 678 amplius
423 612 479 678 per
502 586 605 670 Saros,
630 591 728 657 Neros
752 605 784 658 ct
799 589 904 659 Sossos
922 595 1176 684 computabatur,
1198 595 1253 661 sed

267 726 323 792 per
346 727 441 770 annos
463 705 575 787 solares
593 707 614 770 ¹.
660 705 766 774 ldedos
791 731 939 798 excepere
962 709 1060 798 Reges
1084 710 1137 775 alii
1164 715 1202 775 ll
1216 709 1252 790 ·²,

265 817 322 884 hos
345 841 363 884 e
387 817 550 886 Chaldaeis
573 819 672 909 Reges
697 825 738 889 49
761 845 817 912 per
841 845 937 889 annos
955 827 1029 903 458,
1045 824 1255 891 erdrabibus

266 939 287 1000 9
311 957 367 1022 per
390 957 485 1000 annos
508 939 572 1002 245
591 933 615 1000 ³.
649 933 806 1003 Enarratis
823 935 937 1004 deinde
951 939 1045 1006 rebus
1067 937 1255 1005 Semirami-

267 1047 324 1128 dis,
347 1051 543 1138 Assyriorum
569 1050 714 1139 Reginae,
731 1051 903 1118 Alexander
919 1051 1066 1119 distinete
1081 1053 1255 1120 admodum

266 1165 391 1228 nomina
412 1165 531 1254 Regum
559 1170 599 1252 45
624 1169 830 1246 enumeravit,
856 1169 972 1258 quibus
992 1181 1061 1256 post
1077 1191 1172 1234 annos
1186 1166 1255 1234 526

269 1278 496 1347 Chaldaeorum
522 1282 587 1347 Rex
615 1281 732 1347 Phulus
757 1283 940 1348 successerit
958 1281 982 1348 ⁴.
1027 1281 1087 1348 Sed
1113 1279 1188 1348 inde
1213 1281 1255 1345 ab

268 1393 328 1460 hoe
351 1394 450 1460 Phulo
475 1397 506 1462 iu
531 1398 685 1486 excerptis
716 1396 898 1463 Eusebiauis
921 1395 1000 1462 adeo
1024 1398 1152 1463 confusa
1177 1409 1256 1462 sunt

269 1509 393 1587 omnia,
428 1521 463 1573 ut
494 1511 542 1574 rix
576 1503 740 1600 potuerint
768 1533 806 1576 eo
835 1524 867 1576 et
899 1511 1008 1577 ordine
1035 1523 1067 1577 et
1095 1509 1191 1576 modo
1214 1509 1256 1575 ah

277 1663 410 1680 nnn-.-

268 1717 317 1784 142
334 1751 357 1786 n.
374 1733 401 1782 7.
438 1735 598 1802 lpaa‘plleran
615 1753 628 1784 e
645 1736 776 1785 recensione
794 1735 914 1785 modom:
932 1729 1007 1787 'Axe
1028 1735 1061 1787 dd
1080 1737 1186 1788 τούτου
1199 1740 1252 1788 τοῦ

268 1829 371 1900 χρόνον
398 1832 454 1882 τῶν
480 1831 529 1882 no¹
549 1831 602 1882 daie
619 1829 670 1894 pla
695 1829 851 1882 Χαλδαίων
869 1831 1023 1895 βασιλέων,
1051 1831 1182 1898 Εὐηχίου
1204 1837 1254 1882 aul

268 1923 484 1990 Χωμασβήλου,
509 1920 562 1975 rrd‘
590 1920 622 1974 dd
652 1923 776 1990 Μήδων,
809 1923 993 1994 Ζωροάστρην
1021 1929 1069 1976 ael
1096 1927 1162 1984 τοὺς
1191 1927 1256 1987 μετ’

268 2020 356 2070 αὑτὸν
374 2019 403 2084 ζ’
418 2017 573 2070 Χαλδαίων
591 2018 719 2080 βασιλεῖς
747 2020 855 2085 εἰσάγει
880 2017 931 2086 ἔτη
944 2023 1139 2089 κρατήσαντας
1151 2021 1258 2086 ἡλιακὰ

267 2113 311 2182 pb'
336 2110 350 2159 ὁ
370 2111 455 2171 αὐτὸς
482 2111 655 2181 Πολυΐστωρ.
691 2115 718 2161 ln
735 2113 819 2176 quibus
836 2113 900 2175 plura
919 2113 1049 2176 perturbste
1065 2129 1194 2162 mseueno
1209 2129 1256 2160 non

267 2207 342 2256 ridet.
365 2207 443 2256 Priora
459 2223 505 2254 non
523 2207 626 2271 expedio,
639 2224 775 2271 quamquem
793 2216 879 2256 certun
896 2216 930 2256 est
946 2207 1042 2255 indicari
1059 2204 1092 2255 84
1103 2209 1177 2272 Reges
1187 2206 1257 2255 Chal·

266 2301 350 2361 daeos,
377 2315 517 2348 successores
542 2301 620 2348 Euerii
647 2309 670 2348 et
694 2299 850 2362 Ghonssheli,
878 2316 935 2363 quos
953 2299 1062 2348 Eusebius
1084 2316 1176 2362 quoque
1194 2301 1257 2348 solos

269 2394 381 2457 noninst,
393 2394 477 2444 diserte
493 2393 578 2443 addens
595 2394 748 2443 Alexandnnn
765 2393 832 2442 asian
850 2403 975 2442 ceterorum
985 2392 1017 2443 84
1029 2394 1122 2444 nomine
1132 2411 1161 2442 ex
1171 2395 1257 2443 Beroao

266 2487 385 2546 retulisse:
412 2488 452 2537 aed
469 2487 603 2536 vocabulum
627 2487 733 2554 Μήδων
751 2504 803 2537 eun
820 2487 968 2550 sequentihus
982 2488 1184 2554 conjungendum,
1207 2505 1256 2538 non

268 2580 410 2629 referendun
434 2589 469 2630 est
491 2581 655 2629 adnumerum
673 2581 741 2642 κδ’)
767 2591 793 2630 ut
819 2579 834 2628 7
867 2582 941 2646 Reges
958 2598 971 2630 e
987 2592 1054 2646 gente
1072 2581 1190 2631 ldednmn
1207 2591 1257 2645 post

267 2675 407 2724 Zorossnern
431 2675 545 2724 tenuerint
570 2692 663 2740 regnan
680 2691 752 2725 muna
771 2673 821 2724 190
837 2673 898 2742 (ἔτη
916 2651 1019 2742 ailensis
1036 2674 1105 2746 pith,
1124 2677 1256 2726 manes

268 2769 315 2832 ipse
333 2767 379 2818 34.
409 2769 515 2818 llnirerse
538 2769 567 2818 de
584 2770 694 2834 dynastiis
719 2769 884 2819 Chaldaeorum
901 2771 935 2822 el.
953 2769 1066 2820 Niebuhr·
1091 2770 1174 2821 Vortr.
1192 2772 1252 2832 Lp

268 2859 302 2909 23
318 2879 369 2926 sqq.
387 2889 421 2902 -
440 2862 464 2925 ¹)
481 2862 581 2926 Srneell.
599 2881 622 2926 p.
642 2860 699 2912 148.

302 2953 329 3017 ²)
348 2955 427 3006 Eureia.
446 2958 466 3003 1.
484 2958 508 3005 4.
525 2973 547 3018 p.
568 2954 611 3004 18.
624 2957 692 3005 Cuius
704 2959 778 3020 gentis
795 2957 820 3004 lai
836 2957 928 3018 luerint,
946 2969 1002 3021 quot
1018 2975 1090 3006 anuos
1099 2957 1254 3020 regnaverint,

268 3063 313 3094 non
331 3048 447 3108 proditur:
467 3065 519 3096 nan
536 3049 617 3112 quiin
635 3051 735 3115 margine
752 3051 837 3099 codicis
854 3051 975 3100 liuaelriani
991 3050 1075 3116 legitur
1092 3047 1126 3100 ⁴8
1143 3065 1256 3100 snaorun

267 3156 385 3201 numerus,
403 3141 422 3188 is
439 3143 518 3204 procul
535 3143 607 3190 dubio
624 3154 744 3208 corruptus
760 3154 807 3193 est.

302 3233 326 3296 ³)
344 3233 381 3281 sia
398 3235 521 3297 Eusebius,
539 3237 576 3284 eui
593 3239 617 3285 in
635 3239 671 3286 his
688 3239 739 3300 plus
756 3239 874 3286 tribuerim
891 3257 961 3302 quan
978 3239 1096 3303 syncello,
1112 3254 1185 3287 annos
1202 3235 1254 3286 215

267 3329 408 3386 numeranti.¹
428 3331 471 3376 etsi
488 3330 557 3378 huius
574 3342 648 3393 partes
666 3342 743 3380 tuetur
762 3333 899 3381 Niebuhrius
916 3351 939 3396 p.
958 3331 1009 3381 493
1021 3349 1055 3396 eq.
1091 3333 1118 3380 ln
1129 3333 1255 3396 lragnento

268 3421 390 3470 Alexandri
406 3423 526 3486 syncellus
544 3425 643 3472 hrshnn
661 3411 752 3486 pr'crsus
769 3444 816 3475 non
833 3427 949 3490 meminit,
972 3427 1011 3475 sed
1030 3425 1203 3486 salmenicii,
1221 3421 1253 3470 ibi

268 3515 338 3562 aliurn
356 3525 470 3564 auctorem
488 3517 597 3580 sequitur,
617 3529 641 3566 ut
658 3529 718 3581 patet
735 3538 763 3568 ex
781 3537 875 3568 nurnero
891 3520 989 3570 senario.
1023 3520 1129 3569 ditenin
1147 3538 1169 3582 p.
1184 3517 1250 3568 170:

268 3608 438 3665 Αιεδέξαντο
464 3615 516 3676 τὴν
544 3611 699 3664 Χαλδαίων
725 3615 874 3675 βασιλείαν
901 3607 1026 3683 'Apuliae
1051 3615 1098 3665 nrt
1119 3613 1170 3681 ἔτη
1188 3621 1251 3672 ow,

198 3731 202 3738 .
267 3701 395 3764 βασιλεῖς
412 3695 446 3760 ς’.
482 3705 520 3752 Gi.
539 3705 639 3767 p.172.
675 3709 814 3772 Quapropter
832 3709 935 3772 equidem
954 3709 1038 3757 hocin
1056 3723 1080 3758 re
1098 3708 1250 3757 illuntealen

267 3797 345 3844 audire
363 3796 441 3847 nolin.
477 3799 568 3847 Accedit
585 3809 611 3846 ut
628 3817 680 3848 noa
707 3803 808 3864 Assyrios
835 3804 908 3868 Regae
925 3803 1045 3868 syncellus
1069 3811 1172 3852 carneret
1200 3798 1249 3857 lla

268 3905 333 3937 secus
351 3905 377 3938 ae
396 3889 536 3953 Polyhistcr.

302 3983 325 4046 ⁴)
343 3985 424 4035 liuselr.
442 3986 459 4038 l.
476 3985 494 4038 l.
511 3987 544 4036 Cl.
562 3989 654 4036 annino
672 3989 773 4039 Niebuhr
791 3990 839 4042 Ka.
858 3993 930 4040 Schr.
948 3992 970 4039 l.
985 4009 1007 4055 p.
1027 3989 1075 4040 194
1093 4008 1152 4054 sqq,
1174 3992 1250 4038 Vortr·

269 4077 293 4125 l.
306 4093 333 4140 p.
349 4073 390 4126 26.
