2862 4894
746 307 789 368 tt

271 495 512 584 speetatiaeimae
535 493 667 558 salutem
686 489 779 556 Urbia
797 503 830 557 et
849 483 1250 555 cirintnrummendabaml

272 609 339 685 Tu,
370 622 457 688 tum,
487 609 619 682 Flaece,
647 621 790 696 praetor,
822 605 998 670 eommunis
1019 603 1107 668 exitii
1125 601 1251 666 nuutioa

271 725 403 813 cepisti:
431 738 464 788 tu
484 723 634 788 inclusam
658 723 689 786 iu
711 721 809 786 literis
826 721 871 786 rei
889 719 1034 808 publicae
1057 729 1175 806 pestem
1197 713 1252 780 de·

271 838 485 928 prehendisti:
511 851 544 902 tu
567 837 782 926 periculorum
800 835 936 911 iudicia,
958 848 994 898 tu
1016 833 1123 898 salutis
1139 830 1251 895 auxilia

270 953 310 1020 acl
331 976 382 1020 me
405 966 438 1020 et
454 952 494 1018 atl
509 967 651 1018 senatum
673 952 817 1018 attulisti.
855 951 944 1036 Quae
963 950 1024 1014 tihi
1045 963 1113 1014 tum
1134 947 1252 1035 gratiae

271 1083 344 1134 suut
366 1093 383 1134 a
405 1091 456 1134 me
475 1073 579 1134 aetael
603 1091 684 1156 quae
710 1066 870 1132 aueuatu!
898 1087 1010 1154 quaea
1031 1064 1122 1127 laonia
1145 1061 1252 1126 amni-

271 1181 351 1247 bus!
386 1181 463 1266 Quis
497 1183 575 1260 tibi,
597 1181 669 1268 quis
689 1177 726 1246 C.
754 1181 939 1269 Pomptino,
972 1177 1142 1244 fortissimo
1165 1176 1251 1252 tiro,

271 1317 464 1386 quemquam
495 1297 613 1360 bonum
639 1307 766 1382 putaret
797 1317 937 1383 uuquam
968 1291 1119 1358 honorem
1154 1287 1252 1356 ullum

271 1411 521 1499 denegaturum?

316 1638 415 1706 Xlll.
448 1639 503 1706 81.
534 1641 668 1728 Atque¹
694 1637 807 1705 torum
835 1640 976 1704 omnium
1002 1636 1154 1703 aoelerum
1186 1636 1251 1700 im-

271 1754 493 1844 probissimum
515 1753 780 1830 machinatorem,
805 1749 971 1818 Cimbrum
991 1749 1175 1826 Gabinium,
1193 1763 1254 1814 sta·

272 1869 331 1934 tim
353 1866 393 1932 ad
416 1891 484 1944 me,
508 1866 689 1932 nihildum
712 1868 939 1955 suspicantem,
965 1868 1084 1932 rotari.
1132 1863 1254 1931 Deinde

272 1985 349 2050 item
371 1983 537 2049 areemitur
554 1981 590 2047 L.
613 1981 773 2059 Statilius,
795 1993 828 2046 et
847 1995 917 2070 pont
936 2001 1010 2046 eum
1031 1979 1068 2047 G.
1087 1976 1254 2065 &thegen

273 2096 462 2162 Tardisaime
488 2108 592 2160 autem
621 2095 773 2160 Lentulus
796 2097 901 2178 teuit,
926 2093 1023 2161 eredo
1046 2094 1131 2184 qued
1155 2093 1256 2160 literis

272 2209 399 2287 dandis,
436 2223 561 2298 praeter
592 2209 870 2291 consuetudinem,
900 2211 1042 2299 proxima
1065 2222 1158 2276 uuute
1180 2210 1256 2296 rigi·

273 2323 361 2388 larat.
407 2326 465 2389 82.
498 2324 601 2408 Quum
634 2345 708 2388 mro
736 2325 926 2390 summitate
953 2323 1133 2390 clarissimis
1162 2323 1256 2388 huius

273 2437 410 2501 uiritatit
433 2437 526 2516 viria,
552 2437 624 2525 qni,
643 2437 750 2502 audita
769 2459 820 2514 re,
842 2438 1024 2526 [nequeuntes
1041 2438 1080 2504 at
1099 2461 1150 2504 me
1164 2459 1257 2503 mana

273 2565 503 2628 ennreueraut,
527 2550 633 2616 literas
657 2575 674 2616 a
694 2573 745 2616 me
768 2553 855 2640 prius
872 2554 1008 2641 aperiri,
1031 2575 1126 2642 quam
1149 2551 1188 2617 ad
1209 2573 1258 2617 se·

273 2679 383 2731 natum
401 2665 536 2746 deferri,
560 2665 719 2753 placerem
742 2689 802 2742 ue.
825 2668 852 2732 si
875 2665 955 2731 nihil
978 2681 1055 2732 annet
1077 2669 1255 2750 inventum,

273 2793 391 2846 temere
415 2803 435 2844 a
458 2803 508 2845 me
534 2791 639 2844 tantus
662 2781 814 2846 tumultus
838 2783 972 2848 iniectus
995 2783 1116 2847 eiritati
1136 2782 1257 2850 ridere·

274 2906 338 2958 tur:
366 2897 475 2983 nquri
497 2917 551 2962 me
571 2917 636 2962 esse
656 2895 835 2976 iacturum,
858 2911 894 2961 nt
908 2897 949 2962 de
967 2897 1110 2985 periculo
1127 2898 1258 2987 publino

273 3031 336 3072 nou
365 3007 405 3071 ad
436 3010 601 3074 eonsilium
633 3010 799 3098 publicum
820 3033 886 3076 rem
912 3013 1064 3102 integram
1085 3013 1256 3080 deferrem.

273 3122 457 3199 lltenim,ai
482 3145 539 3201 ea,
566 3147 648 3212 quae
671 3137 760 3190 eraut
778 3124 817 3189 ad
835 3148 887 3190 me
905 3125 1027 3206 delata,
1050 3143 1173 3218 reperta
1192 3151 1256 3194 uon

274 3251 391 3306 esseut:
410 3251 513 3304 tamen
535 3263 595 3328 ego
613 3261 675 3304 unu
695 3240 873 3305 arbitrabar
890 3243 922 3306 iu
938 3244 1031 3308 tantis
1048 3245 1094 3309 rai
1110 3244 1259 3334 publime

274 3352 424 3440 perieulis
453 3351 533 3416 mihi
557 3376 623 3418 eme
654 3355 785 3419 nimiam
814 3354 1011 3443 diligentiam
1030 3359 1258 3447 pertimerem·

274 3465 358 3532 alam.
393 3471 449 3532 83.
469 3465 623 3534 Senatum
640 3467 839 3557 frequentem
860 3469 1004 3538 celeriter
1022 3473 1124 3562 erigi.
1152 3477 1261 3562 Atque

275 3580 394 3644 interea
419 3581 546 3661 atatim,
569 3579 735 3648 admonitu
765 3582 984 3674 Allobrogum,
1009 3583 1047 3653 0.
1069 3585 1260 3677 Sulpicium,

273 3708 468 3784 praetorem,
497 3697 610 3762 iontem
637 3698 761 3779 ritum,
786 3699 875 3777 miti,
899 3702 956 3789 qui
980 3723 1016 3766 ex
1039 3701 1170 3768 aedibus
1197 3701 1259 3770 Ce-

273 3807 379 3898 thegi,
404 3806 531 3898 siquid
556 3809 692 3876 telorum
711 3824 804 3890 emet,
828 3813 961 3884 efferret.
998 3817 1176 3906 [liquibus
1205 3818 1261 3886 ille

309 4070 333 4132 ι)
351 4071 374 4118 t.
388 4071 477 4120 nutu.
495 4073 536 4120 m.
554 4071 609 4121 2³
632 4073 689 4138 tt.
