2772 4902
748 350 810 414 156

300 532 381 599 dalei
406 530 566 598 historiam
590 533 783 620 perterruisse
804 531 842 598 ad
866 530 1022 598 subscus
1037 529 1184 622 Pompeio
1207 529 1280 598 ldie·

302 649 469 736 rosolyma,
487 647 538 711 cui
552 649 773 737 expugnationi
794 649 860 738 ipse
872 647 1000 714 fortasse
1018 646 1157 738 Pompeii
1176 669 1282 712 cornea
1365 632 1366 682 l

301 765 403 830 adluit
422 765 444 832 ².

346 877 483 946 Omnino
506 877 666 944 difficilius
688 898 753 944 esse
776 877 919 943 refellere
943 875 1018 942 lalsa
1042 897 1135 965 qnam
1149 895 1280 965 ponere,

301 992 332 1057 id
358 995 384 1058 si
408 994 573 1072 nescirem,
598 1014 683 1076 nnnc
707 1015 757 1058 me
780 991 908 1058 doceret
931 989 1101 1058 Raucbius.
1147 986 1285 1077 Negatis

303 1110 477 1176 Ἰουδαϊκὰ
500 1108 541 1172 ab
565 1105 701 1194 Eusebio
725 1107 850 1173 laudata
870 1120 902 1172 et
926 1105 1038 1174 Graeci
1061 1127 1126 1171 esse
1147 1101 1285 1168 bominis

303 1233 336 1284 et
358 1220 537 1300 Alexandra
561 1223 651 1311 ponit
675 1243 748 1286 aero
770 1221 878 1288 ludaei
902 1243 966 1287 esse
982 1218 1206 1308 compilatoris,
1229 1216 1284 1306 qui

305 1331 475 1400 »historiae
498 1357 570 1402 suae
590 1336 753 1402 Alexandri
778 1334 979 1425 Polybistoris
995 1356 1107 1400 nomen
1123 1334 1286 1422 inscripse-

304 1449 356 1526 rit,
382 1451 501 1539 quippe
525 1452 581 1540 qni
604 1451 858 1540 diligentissimus
874 1453 1071 1541 antiquitatis
1087 1449 1286 1540 mytbornm·

305 1585 368 1652 que
392 1566 482 1630 Asine
510 1567 638 1632 minoris
664 1581 695 1633 et
722 1564 832 1655 Syriae
856 1567 1056 1655 investigator
1083 1586 1121 1631 eo
1145 1578 1287 1655 ternpore
1366 1550 1367 1590 l

305 1676 509 1755 baberetur;'’
541 1681 667 1747 tandem
702 1681 838 1748 Eusebio
869 1679 951 1746 banc
983 1680 1124 1746 fraudem
1148 1681 1287 1745 latuisse.

305 1793 409 1878 Quum
433 1817 495 1858 non
520 1795 665 1881 dignatus
689 1795 729 1860 sit
753 1792 912 1861 llaucbius
927 1806 1107 1883 argumenta
1119 1795 1287 1870 adducere,

304 1908 420 1997 quibus
443 1910 628 1974 sententiam
652 1931 736 1974 suam
761 1909 908 1998 probaret
929 1907 976 1973 ael
1000 1907 1195 1997 probabilem
1222 1905 1289 1974 red·

304 2023 403 2102 deret,
428 2037 463 2088 ut
487 2038 609 2114 potero,
634 2046 713 2112 qnae
736 2026 858 2115 scripsit
875 2024 1026 2090 relellam.
1074 2025 1122 2088 An
1139 2043 1215 2086 aero
1232 2041 1288 2110 pro

304 2152 488 2225 argumento
517 2138 580 2204 boc
608 2138 786 2205 babendum
810 2152 876 2219 est,
910 2137 993 2227 quod
1024 2138 1066 2202 ait
1098 2134 1208 2202 ludaei
1233 2155 1289 2202 nec

305 2248 415 2317 Graeci
439 2252 574 2318 bominis
597 2275 661 2319 esse
686 2253 860 2319 »eiusmodi
879 2253 1118 2318 commentarios
1133 2251 1163 2315 ia
1189 2269 1288 2314 unam

306 2363 483 2452 redigere,’'
506 2380 540 2432 ut
565 2367 626 2433 >riis
648 2367 780 2448 ludaeis,
805 2367 860 2457 qai
885 2367 966 2432 inter
991 2365 1125 2433 Graecos
1148 2364 1289 2430 niventes

305 2477 441 2546 Hebraei
464 2483 613 2547 sermonis
636 2483 735 2571 ignari
757 2496 868 2559 essent,
890 2479 1026 2570 aliquam
1051 2502 1153 2546 reram
1174 2448 1291 2545 sacra:¹

305 2615 376 2660 rum
400 2611 620 2686 gestarumque
649 2619 721 2663 suae
743 2597 843 2684 gentis
867 2595 1009 2661 notitiam
1040 2589 1280 2659 coaoitiaranat’

304 2705 385 2774 Sane
408 2710 446 2775 iis
468 2709 590 2776 ludaeis
613 2724 645 2776 et
667 2711 761 2775 satius
793 2711 901 2775 luisset
923 2722 955 2775 et
979 2710 1101 2775 facilius
1129 2708 1288 2774 consulere

305 2843 465 2888 sacrorum
489 2847 614 2890 suorum
639 2825 792 2889 librorum
818 2825 990 2890 versionem
1014 2825 1178 2905 Graecam,
1194 2841 1287 2912 quam

306 2937 476 3024 confugere
492 2939 536 3004 ad
567 2939 692 3006 doctam
725 2936 881 3029 quandam
905 2939 1161 3028 compilationem
1189 2932 1289 3025 ignoti

308 3051 384 3138 ipsis
407 3049 553 3134 bominis,
577 3056 743 3120 Alexandri
776 3053 979 3142 Polybistoris
1009 3075 1122 3119 nomeu
1151 3048 1285 3116 mentiti.

309 3163 372 3230 Fac
384 3188 479 3254 porro
490 3169 643 3235 eiusmodi
655 3169 892 3260 compilatorem
905 3169 1066 3246 exstitisse,
1089 3166 1213 3256 qualem
1230 3159 1287 3228 sibi

309 3279 457 3366 cogitarit
481 3281 652 3365 Rancbius3
679 3307 716 3350 an
742 3283 916 3372 probabile,
942 3282 1061 3372 siquis
1085 3281 1216 3346 Iudaeus
1237 3277 1289 3344 tu·

309 3391 400 3458 dacos
440 3397 541 3482 gentis
580 3421 652 3463 suae
675 3397 836 3463 historiam
868 3396 999 3462 edocere
1031 3395 1180 3472 nolucrit,
1215 3411 1286 3458 eum

310 3509 502 3576 Graecorum
526 3514 639 3578 scrinia
663 3512 888 3601 compilarisse,
912 3525 946 3588 ut
966 3509 1126 3600 Apollonii
1142 3504 1286 3580 Molonis,

311 3623 367 3710 qni
390 3623 605 3693 Hebraeorum
629 3640 765 3714 gentem,
783 3625 974 3714 religionem,
997 3624 1139 3690 instituta
1152 3618 1287 3688 ludibrio

302 3811 447 3826 *a*

347 3931 372 3997 ¹)
392 3933 432 3980 tit
449 3933 512 3997 pse
520 3951 554 3998 sq.
563 3935 669 3985 Nominat
685 3937 776 4001 quidem
791 3939 920 3988 Alexander
929 3939 974 4004 (ap.
985 3928 1287 3999 baet.t.1.35)tatihria‚

311 4043 341 4074 ²²
357 4027 441 4090 ,usa
456 4029 566 4092 noscet,
590 4031 728 4083 rammam
743 4033 781 4085 vs
797 4036 864 4103 περι
883 4031 1048 4100 'Asamum
1074 4031 1114 4081 aa
1132 4029 1287 4079 mamam

311 4129 395 4185 quotus
409 4119 447 4170 bia
462 4121 545 4186 luerit,
560 4123 679 4176 insenum.
