2772 4902
609 319 667 382 137

170 501 339 593 loco,qucm
351 503 501 593 l'orbiger
525 503 626 584 affert,
650 501 876 592 Stephaniuuo:
901 506 1051 594 Σίβεδα,
1071 507 1126 575 λι-

166 629 222 706 μὴν
239 623 368 697 Λυκίας,
392 626 437 698 ὡς
456 620 590 700 Ἀλέξ.
612 625 648 690 du
672 619 877 706 Περίπλῳ,
900 640 961 683 non
976 620 1127 686 continuo

164 733 304 820 perspicit
323 732 358 798 ad
384 753 492 798 esocem
516 735 675 820 Περίπλῳ
698 731 887 798 audiendum
908 755 973 798 esse
994 739 1126 814 Λυκίας

163 846 222 922 rel,
243 847 267 912 si
291 849 399 927 masis,
425 851 526 934 αὐτῆς
547 848 572 929 ¹;
599 847 736 915 Omnino
751 847 815 912 duo
831 859 951 914 tentum
968 870 1127 916 commen·

161 961 225 1026 larii
248 959 421 1028 Corneliani
444 965 618 1050 Περίπλυυ
634 961 729 1027 titulo
742 960 920 1040 laudantur,
933 963 1127 1049 Περίπλυυυ

158 1081 279 1154 Λυκίας
291 1089 318 1142 el
327 1089 383 1164 τῆς
395 1083 534 1166 ἐρυθρᾶς
551 1079 733 1165 θαλάττηςς
748 1075 785 1142 nd
805 1099 883 1166 quos
899 1075 1126 1164 deconjectura

157 1189 321 1256 addidimus
331 1195 525 1279 Hroirrluvr
537 1193 707 1281 Ἰλλυρίας
725 1205 756 1258 et
771 1197 934 1272 Εὐξείνου
945 1199 1079 1262 Πόντου
1099 1189 1125 1262 ².

157 1303 240 1389 Quid,
253 1306 335 1396 quod
349 1329 515 1373 commune
528 1329 640 1372 nomen
652 1307 676 1372 si
693 1329 834 1396 quaeras,
847 1307 902 1372 tuli
916 1307 1005 1395 operi
1018 1307 1126 1396 biper-

155 1419 206 1484 tito
236 1421 286 1485 rel
309 1421 468 1509 tripartito
491 1421 606 1486 rectius
631 1434 662 1486 et
691 1419 815 1508 vulgato
840 1421 918 1485 mori
951 1443 1127 1508 congruen-

156 1546 196 1600 tu
216 1532 307 1600 datus
329 1536 436 1602 luisset
457 1535 566 1600 titulus
587 1535 778 1622 Περίπλους
797 1538 981 1622 Εὐρώπης,
1003 1533 1126 1613 Ἀπίας

153 1649 873 1739 sat112melsraigituroommentiriaomnia.
900 1647 1047 1714 Unirerse
1063 1671 1124 1714 non

153 1783 301 1852 assequor,
314 1785 395 1852 quae
417 1763 514 1852 possit
538 1761 649 1828 idonea
673 1783 764 1826 causa
787 1760 921 1838 adduci,
946 1782 1004 1825 cur
1020 1763 1124 1828 omnia

157 1875 195 1942 illr
216 1879 334 1966 scripta
358 1877 465 1943 haberi
490 1877 633 1943 membra
657 1888 799 1966 oportent
816 1873 955 1942 eiusdem
972 1876 1124 1965 corporis.

160 1989 213 2060 tris
237 2017 311 2060 sane
333 1993 440 2060 cadem
464 1993 610 2062 omnibus
636 1991 789 2058 tractandi
813 1991 905 2070 ratio,
923 1991 1003 2056 mori
1017 1991 1125 2057 Perie-

155 2119 284 2194 getarum
309 2107 437 2174 fortasse
472 2129 534 2172 non
569 2105 737 2172 admodum
768 2105 948 2184 dissimilis,
984 2105 1037 2172 sed
1064 2104 1126 2170 alio

154 2221 267 2288 vinculo
292 2221 380 2287 nullo
403 2223 485 2288 iuter
508 2243 540 2286 sc
564 2221 839 2309 conjunctssuisse
854 2217 1008 2284 ridentur.
1034 2219 1124 2305 Quod

151 2331 240 2424 ipsum
263 2357 303 2402 ex
324 2334 444 2402 diuersa
469 2336 612 2417 ratione,
638 2357 698 2423 qua
723 2333 823 2398 solent
846 2332 979 2412 leuderi,
1000 2331 1123 2423 siquid

152 2445 216 2516 linc
237 2450 404 2540 Forlsigeri
428 2449 569 2540 exemplo
593 2447 781 2516 concludere
804 2448 942 2537 placeat,
960 2445 1045 2512 hnud
1058 2447 1123 2514 scio

150 2585 182 2629 an
202 2579 269 2632 tuto
291 2567 413 2633 cilicias
434 2563 461 2630 ⁸.
508 2565 570 2633 Sed
585 2563 625 2632 de
649 2565 754 2654 operis
776 2563 841 2630 sire
865 2563 965 2628 lorma
986 2563 1050 2628 sire
1071 2567 1124 2627 in·

151 2679 309 2769 scriptione
332 2681 406 2746 satis
429 2679 564 2746 dictum.

186 2793 361 2884 Tungebnm
385 2795 479 2861 modo
504 2795 656 2860 rationem
681 2789 839 2858 scribendi
861 2789 1118 2876 Periegetarum‚
1245 2833 1249 2840 ·

149 2908 193 2972 oui
215 2933 275 2976 non
299 2908 468 2975 admodum
492 2907 672 2974 dissimilem
693 2908 786 2972 luisse
808 2904 1018 2994 conjiciebam
1047 2902 1122 2970 Gor·

150 3020 303 3092 neliauam.
351 3022 481 3090 Scilicet
506 3021 590 3112 qnorl
614 3043 707 3110 supra
731 3019 932 3086 ostendebam
956 3018 995 3086 de
1010 2997 1120 3102 λίγυ-

149 3148 292 3216 πτιακοῖς
316 3137 472 3219 reserens,
499 3135 733 3204 commentariis
755 3133 970 3223 geographicis
990 3155 1061 3199 rere
1076 3134 1120 3198 sic

149 3245 233 3317 dictis
256 3253 330 3318 libri
352 3250 556 3342 Polyhistoris
579 3273 639 3316 non
664 3262 736 3315 sunt
759 3248 996 3332 annumerandi,
1015 3269 1119 3335 neque

154 3415 292 3432 ξ...-

179 3527 199 3591 ¹)
214 3529 250 3578 sie
264 3547 287 3580 r.
306 3529 411 3600 Μαιρὰ
427 3529 567 3593 Stephanus:
583 3533 663 3596 νῆσος
681 3527 805 3590 Λυκίας,
824 3525 857 3586 ὦς
876 3523 968 3581 ’Alte
985 3521 1014 3572 ίυ
1031 3519 1117 3590 Περί.

149 3617 201 3689 πίφ
217 3623 339 3690 αὐτῆς.
356 3649 391 3662 ··
407 3623 430 3688 ²)
446 3625 459 3690 d
476 3621 501 3686 2,
517 3615 572 3689 5'3.

178 3713 202 3780 ⁸)
216 3715 251 3766 tis
263 3717 430 3766 ciuslandatrrr
436 3720 502 3786 περί
511 3709 662 3766 Ἰουδαίων
676 3711 889 3774 modociensem,
905 3707 1119 3778 modonaimnu·

151 3825 199 3868 tw,
214 3811 333 3862 noturus
351 3812 458 3882 Καρυυὰ
476 3810 679 3876 ὑπομνήματα,
697 3807 805 3876 Koursou
822 3816 845 3854 et
861 3806 898 3855 τὰ
914 3805 981 3872 περί
1000 3804 1117 3870 Καρίας,

151 3911 278 3974 morey»)
305 3906 361 3956 τὸυ
384 3909 450 3976 περί
473 3905 613 3974 Φρυγίας,
631 3904 669 3954 τὰ
684 3905 751 3972 περί
769 3901 893 3971 Φρυγίας
911 3907 935 3947 et
954 3896 1115 3964 Φρυγιαυό.

153 3993 246 4058 &ofle-
260 4011 373 4066 meu
389 4001 533 4067 montom
550 4000 573 4048 n
591 3999 627 4048 so
643 4008 667 4047 n
683 3998 751 4047 mos
767 3999 792 4046 n
809 3995 860 4046 orn
876 3993 953 4055 mo,
970 3991 1038 4040 noto
1054 3999 1118 4040 nn·

154 4103 196 4138 Μ
211 4095 338 4146 securitate
355 4095 477 4155 uituetur,
497 4113 563 4157 ssrpra
581 4093 615 4142 uti
632 4093 711 4142 malni.
