2772 4902
578 331 615 394 81

183 538 274 600 noto
298 541 421 602 σασαεῖι
448 541 520 620 χρή·
544 539 601 600 eol
621 539 683 622 γὰρ
711 539 747 602 la
774 539 994 622 βακχεύμασιν

180 641 239 714 orlo’
258 653 275 732 ἢ
294 677 327 730 γε
343 653 500 736 σώφρων,
525 651 562 717 σὺ
579 650 842 735 διαφθαρήσεται
868 642 892 716 ¹.

179 759 221 825 De
237 773 330 826 nostra
340 761 474 828 manime
486 773 587 828 aetate
599 761 680 829 nolet
693 761 777 852 quod
792 759 887 830 Corn.
905 758 1009 850 Nepos
1022 783 1090 827 mo·

137 885 184 966 'net
203 867 227 956 ²,
247 897 281 942 ne
302 875 414 943 alienos
437 898 538 942 mores
561 876 600 942 ad
623 887 745 942 nostros
768 876 952 957 referemus,
967 897 1091 942 nereea

141 1010 207 1080 qnae
224 989 303 1055 nobis
324 990 441 1056 leniora
465 1003 560 1069 sunt,
585 991 654 1081 pari
677 989 773 1057 modo
788 989 871 1081 apud
883 1002 1002 1057 veteres
1019 990 1094 1056 fnis-

140 1125 164 1168 re
181 1103 360 1171 arbitremur.
405 1104 521 1171 Procul
544 1104 642 1183 absit,
667 1117 702 1170 ut
724 1105 765 1172 ab
789 1107 874 1200 omni
897 1118 986 1196 perte
1000 1105 1093 1174 Grae·

140 1241 181 1284 eos
199 1217 367 1300 defendam,
391 1220 445 1286 sed
469 1221 539 1310 quis
562 1222 674 1287 nostris
701 1221 854 1302 moribus,
885 1233 990 1286 nostra
1014 1232 1095 1285 aeta·

140 1345 162 1398 te
180 1334 257 1400 ludos
279 1337 308 1400 in
325 1333 478 1401 honorem
501 1333 639 1402 Deorum
660 1335 858 1402 instituerit?
908 1335 983 1421 Quis
1004 1333 1096 1399 Com·

138 1447 220 1513 nelias
244 1445 482 1539 Aristophaneus
514 1450 546 1514 in
579 1471 689 1516 eorum
726 1449 837 1516 diebus
861 1449 945 1515 festia
972 1461 1094 1537 ageret,

139 1565 230 1651 quibus
247 1576 346 1631 tamen
366 1565 441 1653 ipsis
454 1563 485 1628 in
500 1586 619 1630 summa
632 1565 760 1630 lieentia
775 1576 870 1654 atque
890 1564 1095 1653 protervitate

139 1675 221 1744 laudes
242 1677 377 1744 Deorum
401 1678 618 1756 eontinentur,
642 1677 868 1767 religiosissimi
892 1678 1013 1766 quique
1030 1699 1096 1742 sen·

140 1811 174 1855 ru
191 1804 369 1869 occurrunt,
391 1800 524 1880 μυστῶν
548 1791 626 1857 adeo
651 1790 781 1874 chorus,
806 1813 855 1856 res
879 1791 974 1856 totius
988 1811 1097 1855 eorum

146 1905 270 1996 religionis
303 1908 397 1996 longe
427 1907 636 1984 sanctissima,
667 1905 828 1972 habetur?
883 1905 953 1970 lloo
984 1927 1098 1992 nempe

145 2021 263 2113 imprimis
287 2023 475 2106 tenendum
510 2022 595 2114 quod
620 2024 688 2110 jam
720 2023 917 2102 monuimnr‚
951 2033 984 2087 et
1007 2019 1096 2085 ludos

140 2137 242 2207 ethaeo
264 2141 333 2230 ipsa
357 2139 461 2206 omnia
483 2139 632 2228 religione
655 2151 687 2204 et
703 2139 823 2228 pietate
838 2137 1004 2215 contineri,
1018 2158 1098 2226 quae

136 2255 214 2319 omnia
235 2277 273 2321 er
295 2255 436 2344 ipsorum
460 2253 595 2321 Deorum
621 2275 716 2344 quam
739 2253 800 2320 sibi
815 2251 1099 2344 informabantna·

136 2379 187 2432 tora
206 2365 275 2436 sunt
299 2367 491 2459 explicanda.
548 2367 629 2454 Quid
654 2367 767 2436 Graeci
790 2365 839 2432 hia
860 2367 946 2434 festis
969 2365 1097 2432 sublatis

136 2483 242 2551 luissent
264 2483 408 2564 evasuri,
432 2481 485 2554 rei
502 2505 538 2550 er
562 2481 686 2570 Polybii
709 2481 748 2548 de
773 2479 1098 2569 Cynaethansibusal-

135 2595 182 2664 lato
202 2598 345 2689 exemplo
368 2597 543 2664 luculenter
568 2609 697 2686 apparet
721 2593 743 2663 ⁸.

153 2755 265 2765 ψ...-

160 2851 181 2912 Ι)
196 2850 271 2914 step.
286 2845 621 2900 numeraremus.
636 2845 757 2909 eoam.
777 2825 822 2894 ιιί.
836 2843 898 2894 see.
916 2847 943 2892 ι.
955 2847 977 2892 ι.
995 2841 1105 2907 rsus·

159 2939 179 3006 ²)
195 2945 295 3007 ιμωιι.
311 2945 335 2990 r.

160 3031 602 3101 ³)t’015e.tt.20,21.ct.¹p.79.
