2862 4894
610 361 651 444 ¹9..

260 471 278 514 0

149 550 183 614 sd
200 551 325 616 exitium
339 561 371 616 et
396 549 566 618 vastitatem
593 550 725 618 vocarit.
750 545 858 620 Voluit
876 547 887 585 ¹
906 547 960 616 ille
974 563 1114 618 senatum

147 665 323 744 interlicere,
338 663 417 753 leges
429 664 614 742 incendere,
630 664 810 746 interimere
823 664 977 754 patriam:
1000 665 1114 754 quibus

147 783 282 846 stantibus
304 781 427 846 nnllnm
457 781 655 848 domicilium
670 781 782 846 sceleri
804 803 860 846 suo
886 781 954 846 lore
976 779 1112 868 putarit.

146 899 190 962 ts.
214 896 298 980 Quae
316 894 331 933 ²
349 894 476 984 qnidam
499 918 557 984 ego
587 917 690 984 neque
718 917 788 961 mea
809 893 988 985 prudentia,
1012 915 1114 984 neque

146 1006 272 1074 hamanis
304 1008 441 1074 consiliis
464 1009 562 1075 iratus
588 1008 754 1099 prohibni;
781 1009 834 1076 sed
855 1008 976 1089 multia,
997 1020 1029 1074 et
1051 1029 1113 1072 non

145 1121 232 1187 dubiis
254 1121 387 1190 deornrn
408 1123 632 1192 immortalium
649 1123 952 1214 significationibus,
978 1118 1113 1190 omnia³

146 1235 179 1301 sio
198 1239 255 1326 epi,
276 1252 312 1304 nt
325 1259 373 1304 res
389 1239 541 1307 maximae
559 1239 691 1306 minimo
708 1253 815 1319 motu,
836 1237 977 1329 pericula
994 1257 1113 1302 summa

144 1351 213 1418 nollo
228 1353 387 1433 tumultu,
408 1353 527 1419 bellum
550 1354 732 1422 intestinum
751 1377 788 1420 ac
805 1353 1023 1431 domesticum,
1043 1361 1114 1440 post

145 1463 285 1532 lominum
307 1467 492 1535 memoriam
515 1467 765 1536 crudelissimum
786 1490 822 1534 ae
846 1468 1037 1544 maximnm,
1059 1487 1110 1532 me

148 1601 196 1644 noo
215 1595 318 1671 togato
344 1581 425 1648 duce
446 1593 478 1648 et
500 1583 703 1673 imperatore,
727 1580 900 1648 sedaretur.
924 1581 1006 1648 Nam
1024 1578 1037 1620 ¹
1056 1579 1115 1645 toti

148 1691 226 1776 Urbi,
249 1695 396 1786 templis,
415 1695 574 1778 delubris,
600 1697 692 1763 tectis
713 1717 750 1762 ao
771 1694 936 1764 moenibus
957 1695 1115 1762 subiectos

150 1811 298 1897 propalam
313 1813 401 1900 ignes
424 1811 697 1900 circumdatosque
713 1811 927 1876 restinximus:
954 1807 1115 1898 iidemque

156 1919 239 2006 plalins
270 1926 305 1990 in
345 1945 410 1991 rem
441 1925 603 2014 publicam
628 1925 795 1992 destrictos
820 1922 1013 2004 retudimus,
1045 1945 1117 1991 mn·

157 2051 296 2129 triamque
321 2062 342 2104 a
363 2040 477 2129 iugulis
501 2041 618 2106 cisium
638 2039 820 2108 deiecimus.

176 2263 252 2332 llll.
276 2271 336 2332 44.
361 2267 448 2352 Qnsa
464 2268 615 2358 quoniam
639 2268 672 2336 iu
696 2278 810 2334 senatu
833 2266 1004 2348 illustrata,
1025 2281 1114 2356 pate-

146 2373 225 2460 laets,
245 2395 412 2471 comperta
436 2396 508 2449 sunt
526 2406 584 2472 per
604 2406 673 2464 me;
699 2383 763 2450 iam
789 2405 941 2473 exponam
960 2381 1112 2450 brevitere

146 2501 172 2554 tt
190 2506 217 2560 et
238 2509 381 2586 quante,
400 2509 432 2564 et
458 2521 553 2588 quem
574 2499 755 2576 manifesta,
780 2511 810 2565 et
831 2499 1031 2590 quassatione
1059 2499 1114 2564 in-

144 2611 269 2698 vestigato
282 2625 317 2678 et
343 2612 567 2702 comprehensa
590 2615 669 2694 sint,
692 2614 772 2680 scire
787 2614 926 2702 possint,
955 2613 1011 2701 qui
1028 2613 1114 2699 igno·

145 2737 198 2790 rant
217 2740 248 2792 et
273 2741 469 2816 exspectant.
517 2732 574 2794 45.
609 2728 691 2814 Quid
710 2728 724 2770 ⁵
742 2741 847 2800 autern
871 2729 934 2794 iam
958 2726 998 2796 de
1021 2738 1114 2794 nocte

145 2835 185 2901 illa
200 2839 326 2921 diosna,
352 2865 432 2932 qnae
457 2857 625 2910 consecuta
649 2856 696 2910 est
714 2855 876 2933 posterum
901 2839 985 2908 diem
1009 2839 1115 2906 Nona·

141 2971 195 3018 mm
211 2955 440 3023 Noaembrium
467 2981 518 3023 me
545 2957 689 3036 consulo,
725 2979 787 3047 qno
808 2958 890 3022 inter
911 2953 1054 3020 falcarios
1072 2953 1110 3020 ud

141 3060 172 3128 ll
203 3069 360 3150 Laecam,
406 3069 560 3138 Catilinae
597 3071 862 3152 denuntiatione,
899 3081 1114 3138 convenerunt

141 3183 306 3271 complures
324 3183 339 3224 ⁰
357 3186 495 3252 eiusdem
522 3188 675 3254 amentiae
700 3187 886 3276 scelerisque
901 3187 1003 3252 sociil
1034 3207 1114 3274 quae

142 3297 217 3360 ιιι7
236 3299 381 3366 omniurn
413 3313 593 3392 temporum
623 3301 849 3383 coniurationis
875 3301 1027 3368 acerrima
1052 3298 1114 3364 luit

140 3423 222 3501 atque
245 3416 454 3482 acerbissima.
501 3417 583 3500 Tum
608 3414 760 3482 Catilinae
782 3415 849 3481 dias
874 3413 1021 3491 exeundi,
1045 3425 1114 3480 tam

141 3530 240 3594 oeteris
263 3531 414 3598 manendi
447 3530 609 3614 conditio,
644 3545 711 3597 tum
734 3529 907 3620 descriptio
934 3541 1032 3596 totam
1056 3551 1113 3617 per

141 3635 248 3710 llrbem
260 3647 367 3712 caedis
379 3659 471 3737 atqua
484 3647 703 3714 incendiorum
716 3646 886 3714 constituta
896 3657 955 3712 est.
982 3645 1033 3709 46.
1042 3641 1115 3710 Per·

137 3821 279 3844 Ἢ

170 3939 189 4002 1ι
204 3943 228 3991 n
244 3945 311 3994 aas.
330 3961 351 3993 a.
369 3941 395 3994 ι.
412 3944 425 4009 ι
445 3943 484 3996 rs.
500 3971 534 3984 -
550 3945 577 4010 ι)
595 3946 620 3995 ιι
632 3947 769 3996 narrar.
790 3962 811 3996 a.
827 3942 943 4011 remae.
965 3971 997 3982 -
1014 3941 1037 4006 ι)
1055 3937 1114 3990 rur.

140 4027 199 4091 ιιι,
215 4064 246 4074 -
265 4037 286 4096 ιι
303 4037 329 4086 u
348 4035 440 4085 ιιιιιι.
459 4039 503 4088 ιιι.
517 4055 538 4089 s.
558 4038 582 4092 ι.
599 4039 612 4106 a
628 4037 653 4091 2.
670 4065 704 4077 -
721 4038 744 4106 ε)
762 4039 879 4102 noant.
899 4055 920 4089 ι.
939 4033 978 4088 ss.
992 4035 1005 4100 a
1020 4031 1067 4084 sn.
1081 4055 1114 4072 ‹-

143 4121 164 4184 ‘t
179 4125 201 4174 t·
214 4129 302 4183 curn.
321 4133 341 4182 ι,
356 4148 379 4183 s.
401 4135 425 4181 ι.
440 4130 454 4195 ι
468 4131 494 4186 s.
512 4161 543 4174 -.
560 4133 583 4201 ι)
602 4150 643 4198 pm
665 4134 730 4184 snt.
746 4151 768 4186 s.
786 4131 826 4186 re.
841 4133 855 4197 a
871 4129 912 4181 ιι.

964 4223 1004 4286 2*
