2940 4920
747 377 790 444 90

278 573 312 638 in
334 593 400 638 uuo
417 569 497 636 Cod
513 567 641 662 legitur,
653 584 756 634 metro
772 565 947 646 adversari,
959 561 1069 632 Publii
1080 559 1153 653 Syri
1163 557 1255 652 apud

277 687 405 752 Petron.
420 709 448 750 c.
464 685 506 748 55
519 687 644 772 jocum,
659 689 814 748 ciconiam
830 680 1055 746 crotalistrinm
1072 675 1180 744 festive
1194 699 1256 764 ap-

278 799 442 891 pellantis,
459 797 608 867 iuvenali
622 795 810 875 vindicavit,
823 791 998 883 explicans:
1020 799 1073 856 “et
1084 791 1202 869 Pietas,
1218 789 1255 852 in

277 920 370 1006 cujus
378 915 534 982 honorem
547 915 669 980 ciconia
680 911 822 1000 crepitat,
834 908 958 997 quoties
966 909 1001 972 iu
1013 905 1141 986 nidum,
1148 899 1257 993 pullos

277 1027 460 1110 salutatum,
468 1025 580 1094 redit.'’
600 1027 709 1116 Atque
715 1025 794 1090 haee
808 1044 875 1087 uua
887 1019 949 1086 suit
962 1019 1131 1109 hucusque
1138 1015 1256 1082 tolera·

277 1139 351 1206 bilis
366 1141 592 1230 interpretatio,
604 1140 751 1230 quamvis
760 1137 919 1204 medicina
930 1135 1097 1227 aliquanto
1106 1133 1259 1200 audacior

278 1257 327 1319 sit.
352 1254 514 1344 Equidem
526 1252 607 1318 mihi
620 1251 809 1342 persuadere
824 1275 891 1316 non
907 1251 1010 1340 potui,
1021 1249 1098 1315 vitio
1110 1243 1257 1310 laborare

279 1392 423 1450 versum,
444 1368 500 1434 sed
521 1367 689 1456 respexisse
707 1365 788 1432 mihi
813 1365 940 1433 videtur
963 1373 1055 1453 poe'ta
1072 1359 1258 1452 prodigium

279 1481 460 1571 quoddam,
483 1485 575 1570 cujus
591 1482 782 1548 memoriam
803 1478 897 1546 nobis
916 1477 1052 1544 servavit
1074 1473 1258 1542 Suetonius.

279 1595 340 1659 Hic
349 1595 442 1659 'enirn
458 1597 513 1660 vit.
526 1595 645 1660 Domit.
658 1595 718 1660 23:
736 1601 831 1660 “ante
845 1617 973 1686 paucos,
987 1615 1087 1682 qrram
1096 1586 1259 1656 occidere-

279 1727 333 1775 tur
348 1708 585 1799 (Domitianus),
593 1731 716 1776 menses
728 1710 839 1774 cornix
852 1705 1051 1797 inCapitolio
1063 1703 1187 1772 elocuta
1194 1716 1257 1766 est:

277 1821 362 1892 ἔσται
370 1821 471 1893 πάντα
486 1827 595 1902 καλῶς.
611 1822 643 1890 Ν
644 1846 680 1889 ee
690 1821 859 1913 defuitqui
870 1836 1032 1888 ostentum
1040 1820 1086 1886 sic
1099 1819 1260 1904 interpre-

278 1951 413 2002 iareim:

475 2051 559 2114 Nuper
576 2051 679 2114 Tarpeio
696 2064 760 2113 qrne
778 2051 842 2102 sedit
853 2051 961 2102 rumim
978 2051 1063 2102 cornix

509 2147 554 2194 Est
571 2146 628 2194 berre
646 2158 696 2194 non
713 2147 793 2208 potuit
809 2145 908 2204 dicem
928 2146 1001 2207 dixit,
1022 2145 1093 2194 en't.''

323 2247 456 2312 Constat
463 2249 702 2330 autem‚inarce
710 2246 891 2338 Capitolina
898 2248 1095 2316 Concordiae
1102 2247 1262 2338 templum

278 2357 373 2426 fuisse
383 2357 515 2450 (Becker
525 2361 617 2426 Rom.
627 2359 765 2428 Alterth.
778 2361 804 2426 I.
819 2386 851 2453 p.
867 2361 957 2450 409).
972 2363 1086 2454 Itaque
1097 2363 1186 2428 haud
1195 2365 1261 2430 im-

277 2473 391 2540 merito
406 2473 650 2564 suspicabimur,
667 2477 702 2540 in
715 2471 801 2540 illius
819 2473 930 2565 templi
945 2474 1066 2568 fastigio
1084 2475 1261 2546 consedisse

278 2589 455 2670 cornicem,
470 2605 528 2654 aut
542 2585 653 2655 saltem
666 2585 857 2655 Juvennlem
870 2588 904 2654 id
914 2589 1051 2656 finxisse.
1071 2593 1133 2660 Res
1152 2609 1262 2660 autem

278 2701 346 2792 ipsa
361 2703 482 2768 Romae
498 2702 659 2770 increbuit
673 2719 704 2769 et
721 2712 889 2792 poetarum
903 2705 979 2792 jocis
997 2707 1139 2770 manavit
1153 2703 1259 2770 latius.

279 2816 347 2882 Nec
355 2817 680 2922 defuittamegregiae
688 2817 919 2907 opportunitati
928 2815 1103 2900 Juvenalis,
1116 2819 1261 2908 ejusdem
1328 2886 1333 2895 ,

280 2931 324 2994 rei
332 2933 518 2997 memoriam
524 2956 647 2999 servare
654 2933 796 3021 cupiens.
810 2929 883 2994 Jam
890 2927 1010 3018 duplex
1017 2929 1261 3022 eritexplicandi

279 3067 387 3109 versus
394 3047 489 3110 ratio:
502 3048 600 3136 prior,
607 3064 645 3111 ut
651 3045 776 3112 dicatur
783 3045 893 3110 cornix
900 3043 1170 3133 postdiuturnum
1178 3047 1262 3118 eusi-¹

279 3152 395 3221 liuma.
403 3157 445 3222 96
453 3181 485 3248 p.
494 3155 567 3240 Ch,
579 3157 776 3224 moribundo
788 3159 981 3238 Domitiano,
995 3158 1121 3226 rediisse
1131 3175 1162 3224 et
1174 3156 1262 3224 salu·

279 3287 344 3336 tate
357 3273 392 3336 in
404 3270 603 3340 Concordiae
614 3271 734 3364 templo
748 3271 825 3338 nido
839 3271 964 3338 elocuta
980 3295 1060 3338 esse:
1080 3273 1260 3340 concordia.

279 3385 391 3454 Movet
414 3403 522 3454 tamen
549 3385 673 3478 aliquid
695 3385 904 3471 difficultatis,
926 3389 1016 3480 quod
1034 3398 1188 3480 crepitare
1206 3391 1263 3454 rix

279 3499 342 3566 dici
361 3503 501 3592 petuisse
516 3501 644 3568 videtur
660 3526 719 3591 pro
735 3499 860 3594 vulgari
881 3525 1033 3592 creparc;
1050 3507 1152 3594 major
1166 3503 1264 3570 etiam

278 3611 449 3680 difficultas
463 3617 497 3680 in
509 3637 547 3680 eo
560 3630 622 3696 est,
635 3615 740 3704 quod,
758 3639 863 3706 quum
874 3618 1112 3705 praecessissent
1124 3613 1184 3680 alia
1195 3639 1262 3682 nu-

280 3727 368 3792 mina
373 3777 384 3809 ,
395 3729 569 3794 necessario
576 3726 766 3812 Concordia,
776 3752 845 3794 non
857 3732 969 3798 cornix
980 3731 1150 3798 memorari
1161 3727 1262 3797 debe-

280 3837 346 3904 bat.
370 3839 485 3932 Itaque
498 3843 542 3908 sic
554 3843 660 3932 potius
672 3839 900 3933 explicandum
911 3845 984 3910 erit:
1000 3850 1054 3910 “et
1065 3841 1264 3924 Concordia,

280 3957 373 4046 cujus
384 3953 542 4044 templum
554 3957 701 4046 crepitat,
714 3980 819 4048 quum
831 3960 958 4040 cornix,
971 3956 1014 4026 ab
1027 3955 1264 4038 exsilioredux,

281 4067 396 4138 nidum
408 4065 622 4138 salutaverit.”

695 4203 825 4225 *a
