2976 4900
688 351 730 420 37

212 537 340 605 Verum
368 535 461 604 nihil.
484 539 665 628 pronuncio
693 541 728 606 in
758 563 793 606 rc
823 539 902 608 adeo
929 537 1074 608 obscure.
1123 537 1199 610 Post

210 649 427 734 Welchprum
441 649 557 720 adeant
566 651 786 736 Karstenium,
798 651 837 718 de
852 653 1036 744 Tetralogt'a
1048 655 1197 744 llugioa,

211 765 270 855 qui
288 763 440 831 uberiora
460 765 608 855 cupiunt.

258 877 305 944 50.
327 878 578 946 Memorandum
600 895 647 946 est
665 877 875 968 Sophoclem,
898 895 937 946 ut
959 896 1045 970 potet
1065 903 1104 948 ex
1119 880 1197 950 Ari·

210 1007 346 1070 stoxeno
383 993 419 1058 in
457 991 515 1058 fin.
551 993 627 1074 vit,
672 993 815 1083 primum
848 991 1031 1061 adhibuisse
1062 996 1199 1086 Φρυγίαν

210 1104 395 1187 miudes.
436 1104 523 1172 Haec
545 1103 650 1198 qualis
671 1103 783 1188 luerit,
805 1107 1006 1198 ignoramus,
1028 1129 1088 1174 nec
1107 1105 1198 1174 facile

211 1215 421 1309 indagabitur
441 1235 573 1308 propter
599 1219 812 1312 repugnantia
832 1235 980 1286 vetemur
1000 1221 1196 1302 testimonia,

210 1351 298 1422 quae
319 1328 432 1398 laudat
451 1331 559 1398 Barth.
583 1331 710 1412 Anach.
733 1331 794 1396 Ill.
817 1354 850 1421 p.
868 1333 944 1398 346.
967 1333 1018 1399 ed.
1042 1335 1113 1424 Bip.

257 1443 304 1510 60.
328 1445 457 1512 Invenit
478 1443 719 1532 mqrcypaplov,
742 1444 786 1510 ait
807 1442 992 1513 Aristoteles
1005 1445 1047 1513 de
1061 1447 1197 1529 Poene,

256 1557 303 1621 70.
324 1585 381 1646 ην
399 1555 563 1646 καμπύλην
581 1557 763 1645 βακτηρίαν,
783 1573 821 1622 ιιι
842 1571 929 1646 patet
947 1580 965 1624 e
985 1557 1090 1650 Satyri
1109 1561 1197 1626 testi-
1290 1570 1293 1592 '

209 1671 321 1738 monio
343 1693 395 1810 ap.
419 1672 516 1736 Auot.
539 1670 611 1750 vit,
635 1685 667 1734 et

256 1783 303 1850 80.
331 1784 387 1864 coir
410 1781 518 1862 lnmdc
542 1785 704 1873 κρηπῒδας,
733 1797 775 1848 ut
800 1799 911 1850 auctor
933 1727 1026 1850 nohis
1048 1799 1095 1852 est
1118 1784 1198 1852 Ister

209 1920 264 1988 ap.
283 1895 433 1963 cundem.

255 2009 306 2078 De
327 2033 463 2077 numero
486 2007 672 2076 fabularum
687 1989 803 2101 onoeps
819 2027 866 2078 est
880 2009 1046 2078 iudicium.
1072 1957 1198 2076 Auctor

209 2125 268 2190 vit
286 2139 442 2190 memorat
462 2146 539 2192 eum
557 2126 771 2214 composuisse
792 2128 856 2192 113
877 2125 1037 2205 dramata,
1057 2127 1197 2192 circum-

208 2235 287 2306 ferri
302 2255 463 2329 praeterea
477 2239 587 2329 spuria
604 2241 664 2319 173
680 2237 795 2307 Suidas
809 2256 965 2306 memorat
978 2237 1103 2306 sabulos
1121 2241 1197 2308 123.

132 2433 140 2444 .
209 2349 278 2420 Vix
305 2369 414 2418 eutem
442 2350 661 2420 dubitandum
689 2369 753 2434 est,
783 2355 865 2444 quin
890 2351 953 2420 sub
975 2353 1043 2420 eius
1065 2353 1198 2420 nomine

209 2461 331 2530 lateant
352 2465 443 2532 haud
464 2489 568 2556 pauca
580 2469 706 2558 nepotis
720 2465 865 2534 subulae:
889 2467 980 2558 quod
994 2485 1085 2534 nunc
1100 2489 1197 2534 uocu-

209 2581 311 2647 ratius
333 2579 478 2674 indagari
500 2579 625 2672 neq‘uit.
671 2579 824 2650 Ceterum
851 2597 899 2647 tot
923 2581 989 2648 sere
1010 2579 1096 2648 tituli
1118 2605 1196 2670 pro-

208 2707 296 2758 stant
316 2693 351 2760 in
373 2693 485 2762 Indice
507 2694 671 2788 Fragmm.
697 2719 749 2786 ap.
768 2694 976 2780 Ahrensium.
1004 2694 1197 2762 Posteriores

209 2803 404 2896 Sophoclem
426 2829 559 2898 quoque
581 2809 717 2874 imitatos
740 2831 824 2890 esse,
855 2824 971 2874 notum
993 2822 1079 2874 este
1101 2805 1195 2899 Diog.

209 2917 315 2986 Lee'rt.
339 2918 382 2985 V.
406 2919 438 2986 6.
461 2920 493 2984 7.
621 2985 628 2998 ,
956 2995 960 3003 ¹

254 3030 304 3098 De
319 3047 462 3122 tempore
476 3047 660 3122 praeturae,
683 3055 751 3123 quo
769 3055 903 3100 munere
919 3031 1049 3100 functus
1065 3049 1112 3100 est
1125 3048 1197 3122 post

209 3144 337 3213 doctam
356 3143 559 3239 Antigonen,
579 3148 643 3214 iam
656 3147 807 3214 vidimus.
829 3148 954 3238 Nempe
968 3163 1091 3214 creatus
1104 3145 1195 3212 vide·

209 3256 308 3326 hatur
327 3257 381 3326 Ol.
400 3259 592 3328 LXXXIV.
603 3262 637 3326 4.
656 3277 735 3328 extr.
754 3260 926 3329 hovers
946 3263 969 3327 ¹.
1007 3261 1197 3328 Praetorum

209 3371 272 3440 fuit
290 3391 371 3442 netu
388 3377 566 3458 maximus,
582 3391 620 3442 ut
641 3376 737 3444 refert
761 3374 848 3442 Plut.
866 3377 937 3460 Nic.
959 3377 1011 3444 lh.
1050 3373 1195 3470 Collegae

209 3486 326 3554 hahuit
334 3511 453 3558 novom
466 3490 506 3558 de
519 3513 623 3558 more:
639 3489 812 3574 semum,
821 3489 1033 3572 Andocidem,
1044 3489 1194 3571 Creonta,

210 3599 384 3684 Periclem,
416 3600 636 3684 Glauconem,
664 3601 898 3684 Callistratum,
926 3602 1193 3692 Xenophontem,

208 3715 336 3782 Niciam
358 3731 389 3782 et
403 3715 630 3808 Thucydidem
648 3717 673 3780 0.
697 3716 795 3800 Quod
809 3713 915 3783 Schol.
932 3713 1029 3780 Arist.
1046 3715 1118 3782 Pac.
1129 3715 1193 3781 697

247 3877 269 3945 0)
288 3879 399 3930 Graviter
416 3879 506 3930 titubet
523 3879 609 3929 lustin.
630 3879 677 3929 lll.
695 3881 721 3930 6.

245 3971 270 4046 ¹)
288 3973 389 4026 Constat
407 3977 453 4026 hoc
470 3989 501 4025 ex
519 3974 605 4038 fragm.
626 3971 728 4026 Androt.
749 3975 817 4026 Alth.
830 3987 871 4036 ep.
885 3971 967 4024 Schol.
980 3973 1079 4026 Aristid.
1093 3989 1119 4040 p.
1129 3977 1191 4031 tes.

208 4071 257 4122 28.
293 4067 398 4122 Ultimos
420 4070 482 4122 dnos
505 4069 602 4120 rddidi:
627 4083 683 4120 nem
709 4069 869 4132 fragmentum
892 4069 1005 4120 mutilum
1030 4079 1069 4122 ost
1091 4080 1117 4124 ct
1138 4081 1193 4124 octo
