2976 4900
805 345 870 409 tto

408 529 544 596 emendo
563 530 604 596 ad
622 531 810 624 dignitatem
830 530 972 624 aliquem
989 536 1165 623 pervsnirs.
1202 541 1324 623 Τεῦκρε

341 715 349 726 ,
408 642 464 712 illa
490 643 616 712 lentum
642 647 808 738 negotium
834 663 899 728 est,
926 647 982 714 sed
1006 663 1114 714 tamen
1134 666 1183 715 est
1205 651 1240 715 in
1262 673 1323 739 spe.

408 759 463 824 Tu
492 761 551 826 ista
582 759 712 826 confice.
759 759 791 825 A
823 759 918 826 nobis
946 759 1131 830 liber-iorem
1161 761 1325 853 epistolam

343 871 395 938 90.
408 889 564 962 exspecta.
609 873 657 940 VI
678 872 817 940 Kalend.
836 874 933 942 Febr.
969 876 1017 954 Μ.
1034 875 1190 958 Messeis,
1208 877 1258 942 M.
1273 876 1325 942 Pi·

409 1009 485 1052 sone
508 1011 585 1054 0088.

340 1158 389 1220 87.
414 1157 540 1242 Τεῦκρις
559 1166 610 1220 illa
631 1167 736 1221 lentum
758 1171 901 1242 negotium
923 1179 975 1224 cst.
1017 1161 1061 1224 Cf.
1089 1146 1168 1248 qnae
1194 1161 1326 1224 diximus

422 1265 460 1328 ad
480 1266 598 1351 ep.,12‚
617 1267 643 1328 1.
934 1274 937 1284 '

339 1371 389 1436 88.
410 1389 454 1434 est
470 1382 500 1434 in
517 1397 576 1454 spe.
616 1375 681 1439 Rsse
706 1377 740 1437 in
765 1397 829 1462 spe,
856 1377 890 1438 in
910 1378 1145 1460 exspectatione,
1165 1363 1202 1438 in
1222 1377 1325 1436 timore

420 1479 541 1552 dicitur,
555 1479 593 1542 de
610 1503 671 1564 quo
686 1481 804 1566 aliquid
821 1493 964 1566 speratur,
978 1493 1177 1565 exspectatur,
1191 1483 1323 1543 timetur.

420 1587 489 1650 Vid.
507 1587 645 1652 Oudend.
664 1587 799 1662 Scholia,
826 1611 856 1672 p.
875 1587 936 1650 264
958 1609 1003 1673 sq.
1041 1589 1212 1652 sedetiam
1234 1587 1324 1648 seties

421 1696 462 1772 is,
481 1695 536 1778 qui
551 1707 649 1780 sperat
664 1707 719 1758 oet.
746 1695 790 1758 Cf.
804 1695 915 1758 Raudii
929 1693 1011 1756 Turs.
1027 1695 1084 1756 111.
1100 1717 1131 1780 p.
1148 1693 1214 1756 256
1233 1715 1277 1776 sq.

338 1799 388 1860 89.
416 1801 459 1860 Tu
480 1811 538 1860 r'sta
560 1803 674 1879 confice.
713 1801 791 1862 Ilaec
813 1821 876 1884 quo
896 1811 1030 1883 spectent
1052 1801 1242 1884 ignoramus.
1280 1795 1323 1858 sd

419 1908 576 1990 negotium
601 1928 671 1968 oum
695 1907 837 1968 Teucride
861 1928 926 1968 non
954 1907 1101 1992 pertinere
1130 1905 1323 1967 manifestum

419 2023 515 2074 estex
537 2013 589 2090 iis,
605 2035 683 2096 quae
702 2013 830 2097 legimus
850 2035 898 2098 ep.
923 2013 975 2085 14,
989 2013 1024 2074 7:
1048 2012 1175 2098 Τεῦκρις
1185 2021 1323 2092 promissa

413 2127 554 2195 patravit.
579 2120 621 2178 Tu
636 2123 773 2178 mandata
786 2123 875 2194 effice,
893 2141 967 2198 quae
981 2127 1122 2198 recepisti,
1145 2115 1323 2195 Quaeverba

368 2209 372 2214 ’
418 2233 554 2284 evertunt
565 2223 821 2286 hanccssauboni
830 2225 1045 2308 suspicionem:
1066 2226 1204 2296 Iniusta,
1212 2226 1322 2303 confice.

337 2327 387 2390 90.
409 2331 457 2390 Μ.
479 2329 625 2402 Messala,
654 2335 698 2392 M.
720 2333 823 2392 Pisone
843 2355 912 2392 coss.
953 2331 994 2393 lte
1019 2343 1136 2393 mutato
1161 2329 1320 2393 consulum

419 2432 525 2496 ordine
539 2435 641 2496 notavi
652 2434 690 2496 ad
699 2435 949 2520 subscriptionem
959 2437 1103 2522 epistolae
1112 2436 1320 2522 praecedentis

767 2598 889 2620 anre->-

594 2729 707 2796 LIBRI
730 2729 824 2796 VIII.
871 2729 978 2796 Eersr.
1005 2733 1056 2795 ts.

449 2881 574 2952 (Scripta,
599 2893 629 2934 us
649 2879 768 2944 videtur,
790 2902 815 2934 a.
836 2880 1012 2934 d.v11ton.
1035 2883 1114 2936 Mart.
1137 2884 1211 2952 705).

449 3041 478 3103 t.
500 3039 576 3104 Non
595 3038 729 3119 dubito,
756 3043 839 3130 quin
862 3039 919 3104 tihi
941 3039 1067 3106 odiosae
1088 3041 1153 3107 sint
1172 3035 1317 3130 epistolae

402 3151 623 3244 quotidianae,
657 3177 734 3219 cum
758 3155 944 3244 praesertim
974 3177 1083 3244 neque
1108 3179 1193 3221 nova
1219 3155 1259 3221 de
1286 3173 1316 3216 rs

401 3267 511 3360 aliqua
533 3269 699 3334 seniorem
726 3285 757 3335 te
780 3267 893 3333 faciam
918 3291 1026 3358 neque
1045 3293 1164 3336 novam
1180 3269 1316 3358 denique

401 3387 464 3450 iam
486 3385 643 3474 reperiam
664 3381 825 3450 scribendi
844 3379 946 3449 ullam
964 3383 1163 3449 sententiam.
1209 3379 1271 3450 Sed
1291 3377 1315 3444 si

358 3500 389 3562 ὅ.
402 3497 508 3563 dedita
532 3521 644 3587 opera,
670 3520 745 3562 eum
774 3520 869 3562 causa
896 3493 987 3562 nulla
1016 3513 1111 3578 esset,
1141 3493 1314 3562 tabellarios

401 3611 443 3678 ad
474 3628 504 3678 te
533 3635 609 3677 cum
622 3685 624 3688 ¹
639 3607 790 3675 inanibus
821 3607 959 3700 epistolis
989 3610 1162 3692 mitterem,
1184 3607 1313 3676 facerem

401 3726 534 3814 ineptes
551 3721 705 3792 euntibus
728 3747 820 3805 vero,
851 3723 1031 3790 domesticis
1059 3726 1259 3814 praesertim,
1280 3734 1313 3784 nt

329 3873 335 3878 ·
399 3835 481 3904 nihil
503 3837 545 3902 ad
563 3853 593 3903 te
616 3838 690 3904 dem
710 3835 905 3918 litterarum,
929 3836 1032 3906 secere
1050 3859 1118 3920 non
1139 3861 1268 3928 possum
1285 3846 1312 3898 ⁰¹

398 3947 511 4030 simul,
535 3949 629 4016 oredo
652 3949 750 4032 mth,
778 3951 943 4041 requiesco
968 3947 1117 4040 paullum
1134 3953 1171 4019 in
1189 3951 1239 4016 Iris
1255 3947 1311 4014 mi-

334 4064 386 4130 10.
399 4063 501 4144 seriis,
536 4085 611 4128 curn
642 4065 733 4154 quasi
758 4079 865 4130 tecum
892 4061 1025 4153 loquor-3
1054 4088 1131 4130 eum
1150 4088 1225 4132 vero
1246 4081 1309 4128 tuas
