2772 4902
681 281 806 342 ’74

292 470 355 536 late
379 481 520 559 patente,
540 489 632 535 nemo
655 470 799 558 proiecto
830 468 940 534 harum
969 491 1073 536 rernm
1099 470 1195 560 paulo
1213 495 1270 562 pe·

294 582 385 648 ritior
428 581 565 670 negabit.
613 581 647 647 lu
671 581 798 671 ringnlie
821 595 925 660 nutem
951 604 1019 648 earn
1046 583 1164 673 ubique
1185 584 1271 650 inda·

263 733 267 740 ·
290 710 476 785 parentque
498 695 663 785 explicare,
698 709 828 786 propter
851 709 991 786 tempora
1027 711 1147 766 remota
1176 711 1271 790 atque

289 811 454 876 obscuram
486 833 576 900 saepe
599 811 798 900 antiquitatis
822 813 965 877 notitiam
986 813 1055 878 lieri
1080 815 1129 880 rir
1154 826 1210 880 aut
1232 837 1271 880 ne

291 926 342 990 rix
366 925 494 1014 quidem
518 936 644 1012 potent:
668 947 704 989 en
725 937 847 990 tantum
865 927 1091 1014 quaemarime
1107 928 1141 994 ia
1164 928 1272 994 oonloa

290 1039 476 1120 incurrunt,
499 1052 533 1104 et
551 1037 590 1104 de
616 1038 732 1127 quibua
744 1039 854 1127 prooul
874 1039 1116 1124 dubiooonrtat,
1133 1043 1271 1110 monuit·

288 1175 323 1220 ne
338 1153 372 1220 lt.
393 1152 413 1218 l.
436 1152 579 1218 suffiuiot.

333 1269 375 1334 iit
400 1268 537 1356 primum
558 1264 702 1356 qnidam,
730 1279 923 1356 quantopere
940 1266 980 1332 ad
1009 1268 1266 1355 eonjunotionern

287 1381 412 1448 uirilem
435 1393 467 1446 et
486 1380 607 1446 cultum
616 1378 689 1446 inde
698 1392 800 1446 ortum
818 1381 1049 1448 valuerintdies
1057 1382 1142 1463 ieeti,
1152 1384 1220 1471 jam
1231 1403 1267 1449 er

288 1494 483 1586 paragrapho
506 1497 621 1584 primo,
645 1496 677 1560 ni
695 1495 797 1575 fallor,
830 1508 862 1562 et
890 1497 1076 1563 testimoniis
1102 1510 1266 1564 anulorum

287 1611 335 1676 ihi
357 1610 457 1676 alletia
473 1610 639 1683 manifesto
649 1611 799 1699 apparuit
823 1603 848 1674 ¹.
883 1609 1036 1676 Nolumus
1053 1612 1266 1678 omninonnrn
1372 1687 1373 1702 χ

285 1725 436 1815 Dionysio
457 1725 717 1794 Haliearnarrenai
743 1725 874 1814 eliisque
895 1723 1107 1806 contendere,
1133 1726 1214 1794 ieata
1236 1738 1266 1792 et
1372 1713 1373 1792 l

286 1840 400 1908 similia
433 1839 493 1905 hoo
522 1841 652 1906 oonailio
680 1863 697 1903 a
728 1838 985 1927 legumlatoribus
1014 1861 1079 1909 eaae
1102 1840 1264 1909 instituta:
1372 1861 1373 1908 t

285 1968 396 2046 aponte
416 1977 489 2034 rna,
511 1967 547 2020 ut
568 1954 718 2028 vidimus,
739 1975 774 2019 er
793 1955 861 2042 ipra
874 1953 1076 2043 populorum·
1085 1953 1267 2020 conditione
1372 1963 1373 1978 ¹

285 2073 328 2137 in
345 2071 539 2136 exstiterunt.
587 2067 740 2136 Nolumus
762 2067 944 2146 defendere,
967 2069 1071 2134 omnia
1095 2091 1178 2157 qnae
1204 2090 1264 2158 po·

284 2186 427 2251 ateriores
442 2185 575 2253 maxime
587 2183 743 2250 rhetorica
760 2183 881 2248 ratione
894 2182 933 2248 de
949 2182 1094 2248 ludorum
1107 2182 1265 2272 imprimia

285 2300 474 2390 preertantiu
511 2299 543 2363 in
572 2299 670 2386 majus
703 2297 914 2375 adauxerunt,
947 2297 1040 2386 plane
1074 2319 1139 2365 esre
1173 2319 1263 2374 rara,
1372 2365 1373 2368 ,

284 2415 447 2504 quonjam
470 2435 526 2478 auo
544 2415 616 2500 jure
643 2411 846 2502 reprehendit
864 2411 1076 2478 Waohsmuth
1096 2401 1128 2476 ²:
1153 2423 1187 2478 at
1217 2407 1264 2478 rel
1372 2459 1373 2476 r

282 2527 328 2593 rin
355 2540 458 2593 tamen
481 2526 537 2592 nbi
552 2539 655 2592 totum
674 2527 858 2614 negotium,
884 2541 952 2592 tum
981 2547 1017 2591 er
1038 2526 1133 2615 ipsine
1154 2523 1263 2614 populi

282 2655 350 2708 tum
385 2663 422 2707 er
459 2642 608 2707 sertorum
641 2663 734 2731 quarn
762 2662 917 2730 exponere
945 2661 1051 2706 eumue
1082 2640 1189 2706 eonati
1218 2639 1263 2704 in·

282 2756 378 2838 dole,
421 2755 514 2845 paulo
556 2757 739 2821 accuratius·
773 2756 1088 2836 consideraverimus,
1126 2754 1262 2843 plurima

282 2869 507 2949 remanebunt,
539 2893 619 2960 quoe
657 2871 688 2936 in
716 2884 782 2936 tota
809 2867 1000 2936 Graeoorum
1030 2867 1162 2935 historia
1195 2889 1261 2933 ma·-
1372 2931 1373 2968 3

280 2985 358 3051 ximi
384 3000 455 3050 aunt
478 2988 629 3052 momenti
655 2983 809 3052 habende.
872 2983 963 3070 Quod
987 2985 1053 3071 jam
1081 2984 1141 3074 ipai
1172 2981 1259 3048 anti·

282 3099 337 3190 qui
366 3098 535 3166 identidem
567 3100 825 3180 observaverunt,
864 3121 961 3190 qnare
994 3098 1082 3166 Plato
1105 3096 1143 3163 ad
1176 3099 1259 3188 ipaoa

280 3213 355 3281 deor
388 3215 535 3282 festorum
568 3215 663 3283 refert
687 3213 926 3292 institutionem,
952 3227 988 3279 nt
1022 3235 1134 3302 nempe
1156 3210 1259 3281 homi·
1372 3277 1373 3298 Σ

280 3331 393 3398 neniis
422 3329 621 3396 erudirentur
651 3341 684 3394 et
714 3327 857 3394 meliores
887 3328 1053 3396 eraderent
1072 3329 1096 3397 ³.
1155 3329 1197 3394 Et
1219 3325 1258 3390 li·

279 3459 330 3512 eet
366 3468 474 3513 rerum
497 3446 555 3524 ait,
581 3457 702 3536 tempus
727 3444 875 3510 ieatornm
900 3443 1023 3510 brerine
1053 3443 1256 3532 luraaeqnam
1372 3439 1373 3516 ἰ

279 3582 342 3648 quo
360 3572 470 3628 mutuo
485 3559 676 3626 commercio
686 3569 805 3626 ueteres
816 3570 848 3622 et
871 3559 1058 3624 inveteratae
1072 3556 1258 3622 inimicitiae

287 3756 448 3768 n——n——o—

314 3874 335 3935 ¹l
352 3873 388 3922 Gi.
404 3872 506 3932 Brenn,
524 3871 545 3919 Ι.
560 3872 580 3918 l.
594 3887 620 3933 p.
635 3869 678 3919 191
692 3889 732 3935 aq.

312 3961 571 4028 2)1.1.t.t.156.

312 4061 335 4122 ³)
354 4061 381 4108 de
401 4061 471 4122 [epp.
486 4061 519 4106 ll.
532 4057 599 4118 tatu,
616 4059 667 4106 ill.
686 4055 779 4107 8091).
