2914 4902
607 323 666 385 177

177 513 409 598 Πυθαγορικῶν
432 510 602 598 συμβόλου
626 507 751 598 scripsit
775 503 949 572 Alexander
965 513 984 575 d
999 501 1138 596 ἔπ’ίκλην

173 626 353 714 Πολυΐστωρ
379 623 401 691 ¹.

210 851 327 918 Perfeci
353 851 436 942 quod
463 850 580 920 studui.
622 852 735 920 Misere
757 851 997 919 dilaceratorum
1028 871 1137 938 corpo·

171 989 232 1032 rum
245 967 380 1058 dispersa
393 966 505 1057 collegi
525 967 665 1034 membro
676 981 707 1033 et
720 966 950 1056 quodammodo
962 963 1136 1055 composui,

170 1105 222 1146 non
245 1086 288 1148 ita
310 1083 436 1172 quidem
464 1096 500 1149 nt
528 1083 590 1149 iam
617 1083 739 1150 nativae
768 1095 969 1173 compareant
999 1081 1137 1158 formae,

169 1191 213 1260 sed
235 1197 388 1285 quaedem
412 1209 515 1264 tomen
535 1197 620 1264 velut
643 1199 773 1264 umbrae
800 1209 963 1265 revocatae
985 1197 1061 1273 sint,
1093 1193 1139 1260 le·

166 1309 277 1377 sissima
303 1313 452 1402 pristinae
479 1310 641 1401 diguitatis
660 1312 835 1378 simulacra.
882 1308 1095 1398 congerendis
1106 1319 1139 1374 et

165 1421 331 1512 digerendis
351 1425 536 1492 testimoniis
560 1451 640 1517 quoe
655 1426 693 1493 de
712 1427 839 1516 scriptis
860 1426 955 1494 Gora.
973 1423 1139 1492 Alexandri

164 1537 362 1629 Polpbistoris
384 1555 580 1631 superessent
603 1541 748 1609 omuibus
765 1540 802 1625 ²,
820 1539 995 1608 studiorum
1017 1541 1083 1607 eius
1106 1551 1139 1605 et

164 1655 339 1722 eruditionis
363 1655 436 1722 dare
457 1664 600 1748 σύνοψιν
623 1656 718 1735 solui,
738 1655 776 1722 ad
802 1678 896 1746 quam
917 1677 984 1720 rem
998 1651 1139 1742 singulae

165 1767 244 1838 luins
266 1771 491 1861 disputationis
517 1786 621 1862 partes
645 1795 731 1838 suam
754 1773 842 1862 qunsi
863 1783 1005 1836 tesseram
1029 1777 1141 1832 contu·

169 1883 225 1954 lere.
278 1885 401 1974 Quibus
425 1885 513 1952 lectis
534 1909 592 1952 nec
611 1909 718 1952 uereor
742 1910 781 1952 ne
806 1885 876 1976 quis
897 1906 955 1975 pro
980 1883 1061 1949 reris
1085 1879 1140 1948 be-

165 1999 224 2068 beot
240 2001 439 2092 usqueadeo
452 2003 568 2083 seluto,
586 2025 666 2092 quse
686 2003 811 2092 scripsit
827 1999 997 2082 Reuehius,
1020 2008 1140 2064 »artem

161 2113 327 2183 Alexandri
350 2116 453 2182 solnm
472 2118 558 2182 cerni
580 2118 611 2182 irs
638 2139 687 2198 eo,
715 2117 799 2207 quod
823 2117 955 2182 aliorum
984 2113 1140 2180 narratio·
1208 2123 1211 2129 '

162 2253 206 2296 nes
228 2233 296 2299 lere
318 2231 359 2297 ed
383 2231 513 2298 verbum
532 2247 692 2322 excerptas
715 2246 802 2321 apte,
831 2232 967 2298 breviter
990 2231 1139 2319 lectuque

158 2399 298 2411 Q*-

187 2494 208 2558 ¹)
227 2495 356 2546 Silentium
372 2497 511 2558 Clementis,
531 2507 609 2560 utpote
630 2497 685 2546 alibi
701 2496 864 2562 Polyhistoreus
881 2495 1003 2557 laudantia,
1021 2494 1078 2543 nibil
1091 2510 1139 2543 nso·

158 2597 191 2636 tet
204 2591 367 2650 difficultatisr
385 2592 426 2642 sed
442 2609 472 2642 ex
490 2592 595 2656 lliogenis
611 2591 702 2640 silentio
716 2590 780 2640 luere
790 2567 837 2654 'qni
852 2589 923 2638 ebone
938 2588 1090 2638 Alexendruns
1103 2587 1138 2636 irs·

158 2680 254 2748 lollium
270 2685 380 2738 mallent.
405 2685 443 2736 sie
460 2703 481 2736 e.
498 2703 521 2750 p.
540 2685 628 2734 lessius
646 2685 684 2735 Η.
697 2685 731 2734 G·
742 2701 764 2746 p.
782 2680 832 2732 381
850 2699 885 2746 sq.
903 2682 931 2730 de
950 2682 1062 2748 Ephesio
1079 2679 1139 2746 otgi-

157 2775 223 2839 osis,
241 2778 282 2828 orsi
300 2779 452 2841 adstipuletur
467 2779 566 2829 Gohlius
581 2780 716 2844 inpressos,
733 2795 756 2842 p.
776 2775 834 2838 146,
851 2775 880 2825 ds
902 2776 1007 2844 Aegaeo
1023 2773 1142 2824 Reinesius

159 2867 269 2922 osseis
287 2871 355 2920 Suid.
372 2891 394 2936 p.
413 2869 445 2921 ll
465 2873 502 2922 ed.
520 2871 599 2921 ldnell.

188 2961 210 3015 ²)
228 2963 319 3014 flultos
335 2965 414 3029 locos,
428 2965 531 3030 quiesse
547 2965 609 3014 alius
632 2964 756 3014 Alexandri
780 2963 928 3027 videbantur,
954 2963 1057 3014 omittere
1073 2963 1144 3012 malni

157 3070 219 3116 essm
231 3057 319 3106 edditis
330 3059 411 3107 eorits
428 3059 533 3107 sentirem
543 3058 669 3108 rationibus
686 3074 867 3108 commemorare.
894 3058 968 3106 linum
986 3073 1040 3108 sero
1052 3065 1144 3122 ungam

158 3147 257 3198 sebelinis
274 3149 393 3215 Aristopb.
410 3153 475 3202 Burs.
493 3149 554 3215 840,
570 3152 633 3216 qnod
649 3153 716 3202 rideo
736 3151 898 3202 Schneidesum
911 3152 942 3202 de
961 3158 1024 3202 nott.
1041 3155 1070 3200 a'ss
1083 3151 1145 3200 Ars'·

157 3243 233 3308 crept.
251 3245 334 3294 selsel.
342 3245 423 3306 scntt.
447 3263 470 3308 p.
489 3244 539 3295 109
556 3247 642 3296 serbe:
659 3245 703 3296 oss
721 3243 755 3296 sil
774 3245 1006 3312 λαχανοπώλιδος
1031 3245 1091 3303 υἱὸς
1109 3233 1144 3311 ἦν

157 3330 170 3378 ὅ
188 3334 365 3408 Εὐριπίδης,
383 3339 569 3410 Ἀλέξανδρός
586 3357 678 3410 φησιν,
697 3343 725 3390 sle
750 3342 890 3406 Polybistore
912 3342 1032 3405 accepisse,
1050 3348 1143 3389 oetero-

156 3413 208 3489 quin
225 3431 249 3479 irs
266 3431 305 3480 bis
322 3431 417 3480 scholiis
431 3451 478 3484 non
494 3435 595 3486 leudam
630 3437 728 3484 Tantum
743 3437 827 3484 mentio
844 3436 870 3484 lit
887 3434 1010 3485 Alexandri
1026 3432 1145 3482 cuiusdam

160 3523 252 3574 mese.
269 3523 333 3588 682,
351 3543 420 3590 quem
438 3529 561 3578 Aleinelrius
585 3531 659 3580 Hirr.
680 3533 738 3580 ess't.
762 3547 785 3593 p.
804 3527 854 3579 488
869 3539 934 3593 putat
960 3545 1009 3578 esse
1035 3527 1145 3576 comicsun
1220 3574 1222 3578 .

158 3623 252 3679 Μία,
270 3617 397 3668 Aristionis
413 3619 446 3684 l.‚
462 3621 637 3686 Atheniensem,
652 3623 754 3672 ratussd
771 3623 867 3671 eundern
882 3623 978 3670 slteruns
995 3622 1063 3670 etiam
1080 3620 1146 3669 sebo-
1235 3629 1237 3632 '

159 3706 202 3756 11⁰2
213 3710 338 3773 pertinere.
365 3711 466 3762 Fortasse
479 3726 556 3776 recte,
582 3733 720 3780 quemqnam
743 3725 765 3764 et
783 3716 859 3764 Aetoli
877 3731 954 3764 serens
974 3715 998 3762 in
1017 3713 1144 3777 Euripidem

158 3800 217 3850 affert
234 3803 326 3852 Gellius
346 3802 400 3852 XV.
416 3801 486 3855 2001
502 3807 570 3857 scribi
587 3811 643 3858 telis
661 3809 690 3857 de
704 3808 811 3873 Euripide
829 3815 950 3870 potuerunt
961 3807 985 3854 in
1001 3806 1146 3856 massoria·

159 3900 196 3958 ’Ὓῇ
211 3895 264 3962 iilp
285 3895 419 3946 Alexandri
435 3897 561 3952 Cotiaensis.
588 3905 618 3951 At
639 3903 705 3952 Corn.
723 3903 876 3951 Alexandrum
893 3916 939 3947 non
965 3909 1053 3948 constat
1069 3898 1145 3946 ullum

157 3985 234 4035 librum
250 3989 366 4050 edidisse,
387 3985 415 4033 ad
432 4006 494 4050 quern
519 3995 596 4058 aliquo
620 3995 668 4044 reri
685 3995 758 4060 specie
775 3994 846 4060 possit
872 3991 974 4042 scbclion
992 3993 1020 4039 de
1037 3990 1141 4054 Euripide

160 4079 240 4128 referri.

981 4175 1020 4235 12
