2942 4902
675 416 721 482 153

210 619 330 666 cessura
352 597 490 685 ponderi
505 599 734 688 fuudnrricuta,
757 602 880 690 quode
903 607 1044 695 margine
1070 607 1184 676 codicis

208 707 338 778 Palatini
359 711 481 778 notavit
505 707 680 786 Fickertus.

248 823 359 906 Quum
385 837 507 888 constet
524 823 558 888 in
584 823 764 890 minoribus
784 825 921 910 Senecam
935 831 1058 918 scriptis
1071 855 1184 898 recen·-

203 935 305 1004 seudis
326 960 364 1004 eo
389 939 498 1018 tutius¹
513 937 666 1004 editorem
682 940 871 1027 procedere,
890 966 957 1032 quo
971 946 1114 1032 'pressius
1135 971 1184 1012 so-

204 1066 321 1138 quatur
345 1050 458 1138 optimi
488 1047 566 1117 libri
592 1050 839 1120 Mediolanensis
864 1053 1066 1148 Arestigia,
1091 1063 1184 1148 cujus
1274 1049 1278 1064 '

201 1161 276 1231 libri
292 1187 355 1253 opo
376 1165 504 1254 adjutus
525 1163 690 1248 Fickertus
711 1166 844 1234 infinitis
860 1166 937 1236 locis
956 1195 1064 1238 ueram
1082 1173 1183 1262 scrip

202 1294 310 1352 turam
328 1279 479 1360 restituit,
503 1279 659 1348 miramur
683 1277 769 1348 illius
787 1279 863 1348 libri
886 1287 1105 1352 auctoritatem
1123 1309 1182 1352 ne-

201 1389 335 1484 glectam
356 1415 421 1458 esse
449 1393 484 1456 in
510 1391 630 1474 verbis,
654 1417 743 1484 ‚quac
774 1417 842 1483 cap.
873 1394 892 1458 u
920 1397 1116 1486 praecedunt
1141 1397 1183 1464 il·

202 1502 270 1574 lun
292 1503 503 1576 toreictilum:
534 1507 640 1574 Cuivis
652 1523 759 1598 potest
777 1509 919 1574 occidere
936 1511 1021 1598 quod
1037 1521 1182 1600 cuiquam

196 1633 312 1708 pauet.
342 1620 392 1687 Ea
413 1619 631 1712 quumvulgo
655 1645 672 1688 e
691 1621 847 1688 Gronovii
869 1621 986 1705 infelici
1003 1627 1183 1713 suspicione

201 1735 243 1798 sic
263 1733 453 1801 ederentur:
481 1737 656 1824 Egregium
674 1757 804 1803 versum
826 1735 1019 1824 eritlignum,
1047 1747 1182 1826 quinon

202 1871 218 1910 e
241 1847 356 1914 Putre
383 1854 496 1927 eruet,
520 1847 548 1914 F
550 1845 687 1912 ickartus
713 1861 830 1930 temere,
862 1846 1000 1917 sublate·
1014 1853 1182 1941 negatione

202 1961 338 2049 scripsit:
353 1957 542 2050 'Egregium
561 1983 690 2026 uncum
721 1974 752 2025 et
775 1961 927 2050 dignum,
955 1969 1011 2051 qui
1031 1987 1048 2026 e
1066 1961 1180 2028 Publio

202 2082 334 2154 exurit,
363 2095 497 2140 monens
523 2069 655 2140 meliora
681 2097 749 2154 non
778 2090 956 2164 suppetere.
994 2074 1058 2142 Sed
1085 2073 1180 2168 longe

202 2181 288 2254 aliud
300 2182 398 2252 latare
413 2185 541 2254 uidettu
556 2187 590 2252 iu
605 2189 761 2276 scriptura
775 2187 846 2256 cod.
859 2186 903 2252 -A
926 2197 1087 2279 egregium
1102 2213 1179 2266 uer·

199 2297 1181 2406 sumetdignun,quiuouepopuloerut,quamplaneservan}

200 2411 268 2478 cod.
286 2409 390 2478 Berol.
405 2427 437 2480 et
456 2409 643 2493 Gudianus,
657 2415 785 2502 optimis
805 2429 838 2480 et
855 2414 916 2502 ipsi
928 2413 1179 2496 adnumerandi,

199 2527 259 2592 uisi
276 2524 366 2616 quod
382 2525 480 2592 unius
496 2522 617 2594 litterae
634 2528 734 2615 spatio
753 2525 862 2594 relicto
874 2534 923 2592 eri
935 2540 967 2592 et
984 2526 1103 2594 habere
1118 2552 1179 2594 no-

199 2657 317 2708 tantur.
354 2638 589 2720 Ortameredo
618 2642 809 2730 scripturam
836 2663 855 2708 e
884 2639 995 2708 litteris
1015 2641 1179 2730 archetypi

199 2754 361 2844 quadrum
381 2750 465 2820 male
487 2751 656 2834 distinctis,
677 2755 711 2818 in
736 2755 860 2843 quoius
877 2751 1005 2820 ioruese
1025 2754 1179 2841 scripturn

198 2859 273 2930 mr:
301 2843 896 2952 eruoureorrnounu1.nr
909 2890 942 2930 0:
967 2876 1021 2956 qu·
1039 2874 1074 2932 u
1093 2875 1179 2934 omn

195 2975 313 3064 populo
331 2976 493 3064 desereret,
515 2999 614 3066 quem
638 2999 749 3044 omnes
769 2977 923 3044 memoria
933 2992 1082 3055 „tenerent
1103 2978 1179 3068 qui-

199 3113 262 3180 que
285 3092 320 3159 in
344 3089 515 3156 hominum
534 3089 698 3176 mentibus
721 3089 840 3158 infixus
862 3106 950 3157 esset.
985 3088 1088 3158 Simili
1112 3089 1200 3159 sere*

199 3203 294 3270 modo
309 3201 390 3270 dixit
404 3203 514 3270 Cicero
535 3207 571 3270 in
588 3203 682 3272 Catil.
699 3205 758 3272 IV.
781 3206 848 3287 tu„
861 3207 907 3286 82
930 3215 1082 3273 numeria
1103 3221 1179 3273 tar·

200 3331 300 3386 torum
322 3319 538 3408 periculorum
554 3356 597 3370 —-
618 3327 653 3382 in
669 3326 806 3384 omniruu
823 3328 965 3408 genetur
983 3319 1178 3396 sermonibus

70 3466 73 3472 ,
200 3455 237 3494 uc
259 3431 413 3496 mentibus
435 3456 559 3522 semper
574 3433 727 3498 haerebit.
815 3459 818 3466 ·

241 3545 282 3610 In
305 3568 376 3633 cap.
398 3545 441 3610 10
465 3547 570 3637 agitur
591 3545 631 3612 de
649 3545 798 3613 fortunae
816 3569 915 3637 regno
937 3547 1037 3610 iures
1061 3543 1177 3612 huma-

201 3677 256 3721 nas
272 3657 526 3748 perduciturque
551 3658 722 3750 disputatio
751 3659 792 3744 ad
812 3658 899 3726 hauc
922 3655 1176 3727 conclusionem:
1225 3678 1228 3686 “

201 3769 431 3842 Moderandum
453 3785 499 3836 est
527 3781 632 3864 itaque
653 3771 747 3838 eote
764 3781 905 3844 maxime
927 3794 1008 3860 quae
1028 3773 1179 3838 unade-

203 3897 267 3950 rete
277 3886 392 3974 sertis.
426 3884 475 3948 Ita
496 3885 583 3950 enim
602 3883 701 3950 verba
722 3883 909 3962 scribuntur
929 3885 968 3950 in
987 3886 1114 3974 optimis
1137 3883 1178 3948 li-

203 3992 275 4062 bris.
293 3994 357 4066 Sed
380 3995 514 4064 obscure
531 3997 658 4080 dicitur,
680 4001 732 4064 cui
756 4000 800 4065 rei
827 3997 1059 4076 moderandum
1083 4000 1133 4076 sit,
1148 4013 1177 4062 ct

206 4106 337 4178 absurde
366 4111 494 4178 additur
512 4111 619 4192 uobis,
637 4113 729 4202 quasi
751 4112 812 4178 hoc
831 4133 899 4178 non
917 4111 957 4178 ad
977 4133 1086 4181 omnes
1105 4133 1180 4198 per-
