2862 4894
629 341 671 406 ⁵3

186 537 281 590 tameo
306 537 395 592 eraut
420 537 528 592 oruata
559 524 622 592 boo
651 527 737 617 ipso,
768 524 852 616 quod
892 535 1072 591 ornamenta
1098 548 1149 591 ne·
1276 525 1280 538 ’

183 639 347 728 qiexaraut,
375 653 426 719 et,
459 652 495 706 ut
525 640 692 722 mulieres,
728 637 799 706 ideo
834 641 914 706 bene
944 639 1043 717 aiere,
1075 641 1149 730 quia

180 751 254 818 uibii
284 753 426 834 olebant,
464 751 662 824 ridebantur.
712 759 787 822 133.
819 754 904 836 biens
931 767 1036 820 autem
1068 752 1150 820 liber

181 875 273 932 totum
293 867 426 934 isourati
448 877 652 956 popotdaroo
672 880 768 958 atqua
792 889 899 934 omues
921 866 988 932 eius
1011 865 1152 956 disoipu·

181 977 273 1046 iorum
295 981 415 1048 areolas
438 1004 476 1048 ae
497 981 642 1050 uooaibii
668 983 764 1050 etiam
787 981 967 1049 Aristotelia
991 981 1149 1071 pigmenta

180 1096 375 1184 oousurapsit.
412 1096 608 1187 Quamquam
632 1095 670 1162 ad
694 1120 746 1164 me
767 1096 928 1187 rescripsit
952 1084 1021 1162 iam
1037 1093 1151 1162 iibodo

181 1205 367 1292 Posidonius,
393 1233 443 1290 se,
467 1224 606 1278 nostrum
631 1209 708 1278 iilud
737 1217 917 1300 ὑπόμνημα
946 1231 1045 1299 quum
1068 1206 1152 1296 lege·

179 1333 239 1400 rst,
273 1321 359 1412 quod
381 1345 440 1413 eqo
462 1324 501 1390 ad
525 1330 614 1407 euru,
649 1339 684 1393 ut
706 1326 844 1392 ornatius
866 1323 906 1390 de
929 1322 1037 1391 iisdem
1059 1322 1152 1390 rebus

179 1429 342 1516 scriberet,
375 1438 544 1518 miseram,
580 1461 641 1506 uon
673 1439 769 1506 modo
798 1461 860 1506 uoo
890 1437 1058 1504 excitatum
1087 1459 1151 1503 esse

178 1547 209 1612 ad
239 1549 463 1631 scribendum,
494 1550 548 1620 sed
583 1552 677 1620 etiam
710 1553 803 1644 plane
825 1551 1021 1618 deterritum.
1068 1547 1150 1636 Quid

179 1664 314 1752 quaeris?
347 1665 534 1731 conturbavi
564 1664 715 1733 Graeeam
746 1666 917 1732 nationem.
962 1665 1030 1742 lta,
1058 1663 1152 1754 suiqo

180 1775 224 1865 qai
251 1777 432 1856 instabant,
467 1792 500 1844 ut
532 1778 640 1848 darem
672 1777 752 1857 sibi,
787 1778 871 1868 quod
899 1789 1064 1860 ornarent,
1091 1778 1151 1845 iam

184 1889 315 1958 exhibere
340 1890 418 1958 mibi
441 1893 616 1960 molestiam
640 1893 839 1961 destiterunt.
890 1895 963 1959 131.
996 1891 1063 1958 1n¹
1091 1889 1152 1956 hoc

186 2017 267 2072 uem
293 2005 322 2072 si
343 2006 419 2096 quid
440 2009 522 2091 erit,
547 2006 632 2098 quod
656 2005 778 2074 bomini
801 2005 908 2074 dttioo
931 2006 1035 2072 miuus
1058 2005 1154 2072 Grae·

180 2135 235 2184 oum
258 2117 489 2210 eruditumque
512 2119 676 2204 rideatur,
697 2143 758 2186 uon
777 2119 892 2201 dicam,
917 2117 1015 2210 quod,
1035 2129 1071 2184 ut
1087 2117 1154 2207 opi·

178 2251 234 2312 uor,
258 2231 434 2301 Panhormi
458 2234 609 2302 Luouiius
632 2235 672 2302 de
694 2236 757 2301 suis
780 2233 918 2300 historiis
942 2232 1079 2314 dixerat,
1102 2255 1151 2311 se,

177 2365 230 2432 quo
244 2346 373 2413 iaoiiius
394 2349 459 2414 ilias
474 2350 627 2440 probaret'
639 2349 772 2416 Romani
786 2348 922 2416 hominis
934 2372 1014 2428 esse,
1031 2347 1152 2414 ideireo

177 2456 302 2528 barbara
335 2461 489 2550 quaedam
513 2477 545 2532 et
568 2465 704 2534 odi-orae
738 2463 927 2554 dispersisse.
975 2463 1067 2553 Apud
1104 2487 1153 2528 me

176 2573 198 2638 si
226 2573 303 2666 quid
332 2577 394 2642 erit
416 2576 587 2658 eiusmodi,
613 2601 663 2646 me
684 2579 884 2670 imprudente
903 2579 963 2644 erit
988 2590 1021 2644 et
1044 2577 1153 2642 inrito.

177 2685 538 2758 tat.1.stinumerism
564 2693 716 2782 perficere
743 2694 932 2782 cogitabam.
979 2690 1051 2758 ΕΗ
1076 2714 1153 2780 quo·

175 2803 251 2870 uiam
262 2801 368 2870 laudis
384 2803 554 2872 avidissimi
571 2829 692 2896 semper
709 2807 844 2888 fuimus,
863 2804 1023 2874 tertium'³
1041 2813 1157 2896 poema

174 2919 365 2999 meditabar,
399 2942 439 2987 ne
472 2921 557 3012 quod
588 2943 684 3011 quous
714 2945 733 2986 a
764 2941 814 2988 me
844 2921 912 3012 ipso
943 2918 1044 2986 laudis
1066 2942 1154 2986 meae

175 3035 490 3118 praetermitteretur.
516 3037 712 3126 Quamquam
729 3057 791 3100 non
808 3039 1048 3123 tyeopsoorrsrd
1065 3047 1152 3100 eraut

138 3175 144 3186 ·
176 3142 270 3232 baeu,
306 3148 358 3214 sed
383 3155 548 3237 ἱστορικά,
586 3173 667 3239 quae
697 3149 922 3216 scribebamus.
973 3150 1048 3214 136.
1075 3148 1152 3237 Epi·

176 3261 279 3328 stoiam
299 3262 312 3302 ⁴
329 3266 423 3330 etiam
443 3262 481 3330 ad
496 3263 555 3334 Co.
579 3264 765 3354 Pompeium
789 3261 829 3330 de
851 3262 927 3329 meis
950 3262 1042 3328 rebus
1060 3263 1152 3352 gestis

175 3385 204 3438 et
224 3373 263 3444 de
286 3397 406 3444 summa
431 3377 611 3467 republica
635 3378 726 3457 misi,
752 3377 782 3442 iu
808 3401 868 3468 qua
890 3377 1026 3443 furorem
1053 3379 1151 3443 inore·

176 3485 322 3572 dibdem,
357 3491 485 3558 biennio
516 3505 589 3558 ante
616 3503 823 3582 conceptum,
852 3491 990 3582 erupisse
1017 3490 1050 3555 in
1082 3513 1152 3557 meo

176 3605 333 3673 oousulatu
357 3607 474 3696 scripsi.
522 3608 622 3694 Quam
639 3606 653 3645 ⁵
670 3629 729 3696 ego
757 3604 836 3672 mihi
860 3605 996 3670 obiuisse
1017 3625 1078 3668 nou
1104 3603 1151 3668 io-

178 3715 298 3807 teiiiqos
324 3720 368 3786 rei
393 3719 538 3808 pubiieae
565 3720 654 3786 rideo
690 3717 834 3809 prodesse
862 3718 1017 3807 potuisse;
1047 3715 1149 3782 uam⁸

183 3845 304 3866 ⁶¹——

211 3907 233 3970 1)
252 3911 281 3959 aa
298 3913 341 3962 m
360 3913 380 3963 1.
397 3911 438 3971 aa.
454 3913 468 3978 a
486 3912 526 3965 ro.
548 3939 582 3951 -
596 3912 619 3978 ι)
632 3911 661 3961 sa
675 3915 722 3962 m.
734 3913 753 3962 r.
775 3909 818 3959 15.
837 3909 851 3976 a
869 3907 893 3958 1.
908 3935 940 3946 -
957 3907 984 3972 τ)
1001 3907 1059 3956 rar.
1076 3910 1095 3957 ι.
1112 3905 1152 3957 ru.

180 3999 1151 4072 51⁰.-rimamarum.ammonentem...

183 4089 484 4164 uumummt
