2772 4902
722 331 783 414 nc

270 513 358 580 lius:
391 512 507 594 Ἀλέξ.
540 521 737 601 τετάρτῳ·
775 515 1001 600 >traiectione
1043 517 1139 584 τάδε
1176 519 1265 596 rode

269 631 449 716 Τρεμιλέας
474 627 485 666 ¹
505 631 653 705 Λυκίους
672 629 857 718 Belisone.
874 631 1137 716 perordpocav.”
1160 629 1266 714 Quod

269 764 331 807 non
354 742 471 830 placet.
496 741 660 809 Facillime
679 764 751 808 sane
770 765 829 808 nec
848 765 916 808 rara
936 756 982 810 est
999 743 1121 809 numeri
1133 745 1163 812 d'
1179 765 1266 808 cum

269 855 382 944 copula
403 859 438 924 δὲ
459 856 666 944 permutatim
684 854 736 920 sed
761 859 899 945 primum
916 855 994 922 haec
1012 855 1125 946 copula
1147 857 1267 922 abesse

268 969 308 1034 ab
327 967 476 1047 hocloco
496 991 558 1036 uon
580 983 697 1058 potest,
724 992 822 1059 quum
843 971 915 1036 satis
939 982 1084 1059 apertum
1103 969 1143 1034 sit
1161 968 1268 1035 Alex·

269 1079 360 1148 andri
384 1084 596 1148 testimonium
618 1082 814 1168 aliquatenus
834 1085 991 1150 diversum
1012 1085 1105 1150 luisse
1129 1083 1266 1148 atesti-

268 1197 375 1261 monio
395 1195 573 1284 Panyasidis
595 1209 627 1262 et
647 1196 723 1261 huic
746 1198 835 1286 quasi
862 1199 990 1286 opponi.
1025 1197 1147 1265 Deinde
1167 1199 1267 1286 origo

270 1310 406 1376 nominis
423 1310 539 1398 Lyciae
556 1321 588 1375 et
610 1309 779 1397 Lyciorum
801 1311 995 1408 commodius
1012 1311 1169 1400 explicata
1187 1313 1267 1378 lue-

270 1424 313 1488 rit
332 1424 437 1490 statim
459 1424 550 1488 initio
567 1424 681 1512 operis,
700 1447 796 1512 quarn
810 1437 922 1513 quarto
934 1425 1061 1491 demum
1076 1425 1169 1494 libro.
1190 1425 1267 1492 Ae-

270 1537 412 1604 cedit-
434 1559 504 1603 nam
523 1537 710 1602 attendenda
728 1549 760 1602 et
779 1537 980 1627 ponderanda
1000 1541 1151 1606 omnia-
1170 1541 1263 1630 quod

269 1673 305 1717 er
326 1653 369 1715 24
388 1649 610 1736 Lyciacorum
631 1651 816 1738 fragmentis
835 1653 876 1716 12
893 1651 929 1716 ad
943 1657 1093 1742 primum
1111 1653 1159 1720 rel
1171 1657 1267 1719 alle·

269 1787 343 1828 rum
370 1764 485 1829 librum
516 1776 678 1852 spectant,
707 1771 833 1831 tertius
858 1765 907 1831 rel
939 1779 1083 1855 quartus
1110 1767 1265 1834 laudatur

271 1901 438 1968 nusquam.
479 1878 547 1945 Nec
568 1875 693 1942 felicius
717 1879 812 1944 rerba
833 1879 1001 1946 Alexandri
1022 1883 1185 1948 emendata
1209 1883 1264 1948 ri-

271 1991 400 2075 dentur,
425 2014 519 2081 quern
541 1993 711 2058 narravisse
733 1992 859 2082 Lycios,
885 2017 983 2083 quum
1000 2008 1090 2062 antea
1111 2019 1264 2062 uocaren-

272 2121 324 2174 tur
355 2105 576 2182 Tremilenses‚
601 2105 844 2194 Bellerophonte
868 2120 997 2176 auctore
1020 2111 1064 2174 ita
1082 2109 1261 2199 appellatos

271 2221 378 2303 luisse,
404 2217 482 2284 milri
500 2241 561 2284 non
582 2219 763 2308 persuadeo.
787 2219 900 2308 Lycios
918 2222 1003 2290 enirn
1020 2221 1120 2288 dictos
1135 2235 1262 2288 constat

271 2357 289 2400 a
308 2331 475 2399 Pandionis
493 2332 558 2398 lilio
579 2330 679 2419 Lyco,
699 2332 753 2398 diu
771 2349 842 2421 post
861 2335 1150 2425 Bellerophontem,
1165 2338 1260 2404 cuius
1377 2353 1378 2362 ’

271 2471 307 2518 er
328 2448 392 2514 filia
411 2471 507 2538 nepos
527 2443 686 2536 Sarpedon
714 2451 877 2536 Τερμίλας
897 2473 949 2516 eos
971 2473 1167 2541 nuncupasse
1185 2453 1260 2520 ler·
1377 2451 1378 2466 ³

271 2577 322 2632 tur
346 2563 369 2630 ².
413 2564 452 2630 ld
476 2585 549 2628 vero
577 2560 749 2629 Alexander
772 2587 876 2654 neque
903 2567 1045 2652 ignorare
1068 2567 1171 2654 potuit
1196 2589 1259 2633 nec
1377 2625 1378 2648 ,

271 2701 393 2768 negare.
430 2677 487 2744 llis
511 2675 550 2741 dc
568 2676 667 2741 causis
683 2675 829 2767 equidem
846 2701 908 2744 non
924 2678 1002 2745 abeo
1018 2681 1051 2745 in
1069 2681 1258 2746 sententiam
1377 2765 1378 2772 ἵ

269 2793 435 2873 ldeiuelrii,
468 2812 659 2881 quamquam
691 2790 779 2856 locus
811 2795 1064 2881 corruptissimus
1095 2794 1258 2883 quomodo
1377 2783 1378 2868 l

271 2905 458 2976 reficiendus
477 2907 517 2971 sit
540 2927 604 2970 nou
627 2906 796 2994 perspicio.
844 2907 950 2998 Atque
982 2907 1059 2974 haec
1088 2905 1256 2974 hacteuus.
1377 2899 1378 2912 ¹

315 3019 360 3085 Er
386 3019 508 3110 oppidis
529 3020 668 3107 Lyciae,
694 3043 774 3110 quae
801 3020 875 3086 olim
895 3025 950 3102 70,
973 3036 1079 3112 postea
1100 3027 1143 3090 36
1160 3024 1256 3090 luisse

271 3133 439 3200 traduntur
463 3131 491 3211 ³,
514 3130 692 3221 Stephanus
729 3136 840 3199 scribit
875 3135 1087 3202 Alexandrum
1119 3139 1257 3225 tetigisse

306 3337 328 3403 Ι)
345 3338 383 3388 Sic
399 3339 442 3388 lroo
459 3355 541 3388 nonen
557 3337 602 3385 ianr
610 3334 739 3384 emendarit
752 3335 884 3384 llolsterrius
898 3337 966 3384 Note.
976 3345 1000 3386 et
1010 3339 1142 3403 Corripuit.
1152 3357 1173 3401 p.
1184 3337 1254 3400 328,

271 3429 311 3494 qui
328 3448 350 3492 p.
369 3429 419 3480 317
436 3441 497 3480 recte
514 3439 603 3479 monet:
631 3426 790 3494 ιΤερμίλην
807 3438 829 3476 ct
854 3427 998 3498 Tapulpnr
1014 3432 1103 3480 easdem
1120 3433 1190 3482 luisse
1206 3433 1255 3482 effi·

271 3539 322 3572 care
338 3524 417 3574 liuete
434 3525 563 3586 Stephano:
592 3522 729 3590 Tapplpo.
746 3521 827 3580 πόλις
842 3523 968 3586 Λυκίας,
995 3523 1047 3574 ἀπὸ
1073 3523 1253 3596 reposeens

269 3615 387 3684 πολίτης
415 3615 583 3687 Τερμερεύς.
604 3607 763 3683 Ἡρόδοτος
790 3615 822 3666 dd
841 3617 976 3685 Τερμίλας
998 3619 1103 3679 αὐτοὺς
1121 3621 1201 3672 καλεῖ
1225 3621 1254 3671 ir

272 3711 312 3779 τῷ
329 3710 431 3780 πρώτῳ
449 3714 480 3775 (c.
501 3709 569 3772 173).
586 3705 601 3755 o‘
621 3706 654 3758 δὲ
672 3710 793 3778 χρησμὸς
809 3707 823 3758 ὁ
839 3715 906 3781 περὶ
923 3712 1018 3764 αὐτῶν
1035 3715 1189 3783 repositae
1202 3714 1255 3765 url-

271 3803 337 3866 cotic
351 3807 444 3872 φησι.”
478 3805 511 3855 Gi.
529 3803 601 3866 Unger
617 3802 639 3849 l.
653 3802 670 3853 l.
688 3820 714 3864 p.
729 3801 780 3852 259
797 3823 836 3868 sq.

306 3898 330 3962 ι)
349 3897 432 3947 nam
449 3897 468 3944 1.
486 3896 503 3945 1.
521 3903 545 3943 a
563 3895 612 3946 ur.
629 3893 671 3945 92.
688 3897 732 3946 cr.
756 3881 907 3950 som'ru.
929 3921 951 3966 p.
970 3901 1021 3952 asa
1037 3903 1056 3952 a
1072 3920 1131 3966 ηιμ,
1148 3902 1209 3952 xrr.
1229 3917 1253 3965 p.

272 3989 323 4042 983
339 3993 374 4053 d,
393 3991 489 4039 Pausn.
499 3989 523 4037 l.
538 3985 582 4036 19.
596 3985 620 4038 3.
637 3989 778 4045 resonans
790 3993 866 4068 hunsit
878 3996 1094 4048 laetaniarum.
1112 3997 1146 4047 B.
1163 4014 1185 4059 p.
1195 3991 1253 4046 369.

308 4081 333 4150 ³)
353 4083 411 4134 Plin.
430 4081 455 4131 V.
476 4077 516 4130 28.
