2942 4902
654 362 693 424 t7

180 539 309 604 tentiam
332 562 437 630 quum
453 539 555 608 multa
572 544 714 628 dixisset,
736 546 839 614 aiebat
851 547 944 616 ilium
961 553 1064 640 primo
1080 577 1155 620 sane

178 650 233 716 diu
251 649 357 719 multa
373 671 498 737 eontra,
519 657 561 723 ad
576 675 754 727 extromum
775 678 883 729 autem
899 687 1015 732 manue
1034 665 1154 734 dedisse

177 784 208 832 et
227 766 400 836 affirmasse
419 769 502 836 nihil
522 795 555 838 se
574 791 684 840 contra
702 777 770 842 eius
798 775 996 846 voluntatem
1021 803 1086 847 ease
1106 780 1154 846 fa-

176 895 316 954 eteorum²
334 885 386 948 34.
402 882 466 951 Sed
486 902 592 974 postea
611 905 719 954 tamen
733 887 788 956 ille
800 913 867 957 non
879 891 997 960 destitit
1007 893 1047 960 de
1060 893 1153 960 nobis

174 995 346 1083 asperrime
366 992 468 1086 loqui.
498 999 577 1064 Mox
598 1001 609 1041 ¹
632 1003 728 1068 etiam
741 1003 822 1072 mihi
841 1005 1011 1072 denuntiat
1026 1010 1153 1096 perieu-

174 1103 254 1172 iom.
284 1107 458 1200 Pompeius
475 1109 612 1178 affirmat
625 1137 693 1180 non
712 1137 777 1183 esee
794 1115 989 1208 perieulum
1009 1120 1150 1198 adiurat3

175 1220 373 1288 additetiam
391 1245 425 1288 se
448 1216 538 1314 prius
554 1229 694 1294 oerisum
716 1231 756 1294 iri
773 1229 816 1296 ab
833 1254 871 1296 eo
890 1256 1058 1324 quemme
1081 1235 1151 1301 vio-

174 1331 275 1402 btnm
302 1336 351 1400 iri.
385 1336 470 1402 Mihi
488 1339 504 1380 ¹
535 1356 643 1406 autem
670 1341 885 1432 pedouiosum
910 1362 977 1412 erat
1007 1346 1150 1425 eredere3

176 1449 214 1514 ad
241 1435 454 1517 resistendum
482 1475 534 1519 me
561 1452 723 1543 parabam.
758 1455 872 1523 Studia
899 1456 1066 1547 sperabam
1099 1483 1151 1526 me

175 1587 298 1630 summa
318 1563 508 1632 habiturum
523 1569 669 1634 omnium
689 1569 851 1636 ordinum.
881 1570 986 1636 Varro
1003 1571 1084 1636 mihi
1099 1595 1150 1638 sa-

173 1677 354 1744 tisfaciebat.
383 1679 554 1770 Pompeius
574 1679 769 1772 loquebatur
788 1684 950 1750 divinitus.
974 1683 1150 1760 Metellue³

173 1793 266 1858 etiam
288 1790 417 1875 consul,
440 1795 644 1885 incipientem
667 1794 772 1860 brrere
803 1793 957 1861 Clodium
980 1813 1078 1886 atque
1095 1821 1150 1861 oo-

172 1921 313 1989 nantem‚
333 1929 391 1972 oua
411 1929 443 1973 ee
462 1931 563 1974 manu
581 1905 839 1989 interfecerim,
853 1907 1002 1976 audiente
1021 1924 1149 1987 senatu,

170 2017 260 2084 dixit.
288 2017 490 2109 Sperabam⁴
511 2044 569 2086 nos
587 2037 644 2086 aut
657 2044 733 2086 eum
749 2044 874 2087 summa
887 2017 986 2112 gloria
997 2035 1053 2086 aut
1065 2035 1148 2084 certe

170 2133 237 2198 tine
252 2129 396 2199 molestia
414 2133 611 2200 dboaoeuros.

212 2357 292 2426 xit.
310 2359 363 2424 35.
386 2359 505 2426 Adhuc
524 2360 540 2402 ⁵
557 2359 689 2451 quidem
705 2361 804 2453 igitur
821 2361 926 2426 minae
947 2358 1052 2426 Clodii
1068 2383 1148 2426 eon-

169 2473 405 2563 motionesque,
430 2497 513 2564 quae
540 2473 619 2538 mihi
646 2472 920 2563 proponebantur,
944 2473 1067 2540 modice
1094 2496 1147 2540 me

170 2583 352 2677 tangebant.
379 2584 510 2651 Etenim
523 2582 575 2651 vel
589 2584 698 2651 subire
715 2610 766 2652 eas
784 2584 918 2652 videbar
930 2585 1009 2652 mihi
1021 2611 1147 2654 summa

169 2721 244 2764 eom
258 2698 411 2789 dignitate
430 2696 483 2764 vel
499 2695 657 2764 declinare
675 2696 767 2765 nulla
784 2721 861 2764 oum
874 2695 1016 2766 molestia
1039 2723 1143 2788 posse:

168 2812 233 2878 02⁶
260 2834 363 2901 noque
381 2811 423 2876 ad
444 2809 610 2876 Caesarem
628 2827 660 2877 et
684 2809 840 2908 Bibulum
856 2809 1001 2878 consoles
1011 2858 1021 2891 ,
1041 2833 1146 2902 quum

167 2925 340 2992 sententiae
354 2941 479 2990 nostrae
493 2948 649 3017 magnum
665 2925 700 2988 in
716 2940 829 2990 senatu
840 2924 966 3014 pondus
977 2922 1145 3005 heberent,

167 3061 254 3104 unns
272 3035 338 3104 fore
354 3061 464 3104 sensus
482 3035 545 3103 fuit
560 3036 724 3102 bonorum
742 3038 898 3102 omnium.
933 3037 985 3104 36.
1006 3037 1114 3122 Quare
1131 3037 1145 3078 ⁷

167 3153 211 3216 ita
229 3174 289 3216 nos
300 3149 500 3244 gerebamus,
518 3166 556 3214 ut
575 3151 610 3214 in
629 3149 695 3216 dies
707 3147 848 3241 singulos
865 3165 901 3214 et
917 3148 1022 3214 studia
1036 3151 1071 3214 in
1086 3172 1145 3216 noa

166 3265 338 3332 hominum
356 3280 388 3330 et
406 3287 480 3353 opes
500 3279 625 3328 nostrae
644 3280 846 3356 augerentur.
882 3263 963 3330 Rem
981 3260 1146 3351 publicam

165 3377 259 3444 nulla
276 3401 314 3445 ex
334 3393 423 3467 parte
440 3375 686 3469 attingebamue3
707 3378 741 3441 in
767 3377 868 3442 causis
885 3392 981 3466 atque
998 3377 1032 3440 in
1049 3399 1145 3464 opera

166 3509 275 3560 nostra
304 3490 421 3558 forensi
447 3514 572 3557 summa
600 3489 756 3556 industria
788 3487 1004 3556 versabamur.
1046 3486 1145 3570 Quod

159 3675 366 3688 .-..---

203 3763 226 3833 ¹)
245 3765 276 3816 ae
294 3767 347 3815 m.
372 3765 406 3813 tl.
426 3765 469 3814 to.
497 3761 511 3833 ς
529 3765 556 3814 t.
576 3791 611 3801 -
634 3761 659 3830 ¹)
677 3765 707 3813 aa
733 3763 783 3813 tu.
804 3759 840 3813 11.
860 3761 904 3810 tr.
925 3755 939 3828 ς
958 3760 985 3806 ε,
1027 3787 1040 3797 -
1061 3755 1081 3824 ·)
1101 3773 1144 3822 μω
1195 3797 1204 3814 .

166 3861 251 3912 caeno
268 3857 355 3913 e‘tt.
375 3857 389 3928 ς
409 3863 455 3910 eo.
481 3887 516 3896 -
542 3857 565 3926 ι)
593 3861 624 3911 ae
652 3861 703 3910 ru.
731 3857 766 3907 11.
796 3861 840 3908 rt.
867 3853 925 3925 se.
944 3881 979 3894 -
1004 3852 1026 3924 Ι)
1044 3857 1074 3907 ια
1093 3858 1144 3906 iu.

167 3956 205 4012 lt.
227 3959 270 4010 ta.
289 3955 303 4026 §
323 3963 349 4010 t.
368 3985 403 3996 -
420 3955 444 4025 ⁰)
464 3959 539 4022 Epiet.
561 3959 590 4008 ad
609 3957 636 4006 Ρ.
658 3957 788 4006 Lentulum
806 3953 848 4016 (ad
859 3954 926 4004 Fam.
946 3951 970 4004 1.
990 3953 1016 4004 9.
1038 3949 1144 4022 §tn-

170 4053 192 4118 ⁷)
211 4057 239 4103 ad
259 4057 310 4106 Att.
331 4051 366 4102 n.
388 4055 432 4105 22.
452 4050 465 4120 ς
484 4057 509 4104 3.
