2862 4894
637 363 678 424 55

174 543 317 612 consulem
350 544 555 635 designatum.
602 545 739 636 llagni¹
792 547 875 612 enim
906 547 1075 624 intererat,
1109 545 1139 610 id

172 658 250 748 quod
268 681 319 750 ego
339 662 446 737 multis
465 661 710 751 repugnantibus
728 661 781 750 egi⁴
797 674 892 751 etque
915 661 1050 752 perfeci,
1077 683 1140 726 essu

170 773 303 840 Kalendis
327 775 480 842 lenuariie
505 777 536 842 in
559 799 593 842 re
623 775 838 865 publicanduo
872 775 1026 848 consules.
1076 775 1141 841 lla·

173 887 286 955 belrat²
308 889 438 956 llurena
462 908 516 956 eos
534 904 745 971 accusatores,
773 915 834 958 non
863 893 919 980 qui
938 891 1021 957 odio
1035 889 1141 954 inimi·

171 1003 305 1069 citiarum
326 1003 365 1068 ud
389 999 616 1086 accusandum,
641 1005 693 1070 sed
718 1007 772 1094 qui
794 1004 899 1070 studio
912 1001 1087 1073 'accusandi
1102 1003 1140 1067 ed

171 1117 339 1185 inimicitias
360 1118 598 1200 descenderant.
643 1119 752 1202 Nam,
778 1133 812 1184 ut
834 1119 977 1188 omittam
999 1117 1140 1184 Serrium

170 1230 361 1322 Sulpicium,
379 1277 382 1285 ·
398 1253 491 1323 quem
525 1234 666 1324 intelligo
691 1255 764 1300 nott·
779 1234 896 1300 iniuria
919 1232 957 1301 L.
968 1229 1143 1309 iuteresse,

170 1345 213 1411 sed
233 1346 360 1414 honoris
374 1351 587 1416 contentione·
611 1339 809 1439 permotum,
843 1347 1012 1414 accustbat‘
1033 1355 1144 1436 pater-⁸

170 1482 218 1524 nus
236 1463 373 1542 amicus,
398 1461 457 1532 Gn.
482 1455 682 1544 Postumius,
706 1475 818 1540 retus,
844 1475 879 1528 nt
904 1463 948 1528 ait
971 1463 1048 1552 ipse,
1064 1459 1144 1525 rici·

169 1597 217 1639 ans
230 1598 267 1641 ec
283 1577 492 1655 necessarium
520 1579 575 1667 qui
595 1574 831 1644 necessitudinis
843 1583 949 1640 causas
965 1575 1143 1664 complures

171 1691 310 1776 protulit,
328 1692 500 1758 *simultatis
517 1692 638 1758 nnllam
657 1702 913 1757 commemorem
945 1689 1073 1776 potuitr
1095 1707 1145 1754 ace

171 1805 286 1870 multat
313 1803 386 1872 Ser.
425 1803 603 1896 Sulpicius,
633 1792 755 1870 sodeffs'
783 1804 860 1883 lilii,
895 1804 986 1868 'cuius
1020 1803 1144 1890 ingenio

178 1921 284 2003 paterni
311 1943 419 1988 omnes
449 1921 614 1988 necessarii
649 1919 832 1985 munitiores
856 1907 931 1982 esse
965 1913 1142 1980 debebant:

179 2032 326 2099 remeabat
350 2031 507 2114 ll.·Cato,
534 2035 588 2125 qui
609 2033 983 2124 quamquamallurena
1003 2029 1087 2096 nulla
1111 2051 1146 2095 re

173 2165 299 2237 taquam
318 2149 439 2214 alienus
465 2150 543 2232 luit,
570 2144 674 2216 tumen
696 2146 936 2214 ca'colidi'tioite
962 2140 1058 2212 nulrit·
1079 2153 1144 2217 erut

168 2259 277 2330 inlrsc
297 2263 428 2332 civitate
451 2277 562 2342 nctus,
587 2278 622 2330 ut
644 2264 711 2329 eius
735 2285 809 2352 opes
826 2275 857 2330 et
876 2246 1036 2350 ingenium
1053 2275 1145 2349 prac-

168 2373 235 2442 sidio
257 2377 380 2472 multis.
396 2379 490 2444 etiam
511 2379 722 2455 alienissimis,
744 2373 1143 2465 suentensem-inimico,

167 2489 250 2556 exitio
271 2513 338 2557 esse
358 2491 519 2562 deberent.
557 2497 643 2562 ¹llo.
668 2491 780 2560 Milli-⁴
799 2503 911 2558 tutem*
924 2487 1143 2555 cumllurenr
1186 2551 1188 2556 .

167 2615 194 2668 et
213 2609 302 2672 retus
316 2617 359 2671 ¹ct
387 2627 497 2694 magna
518 2603 655 2674 amicitia
680 2621 746 2674 erat
755 2622 767 2689 ,1
793 2624 873 2697 qnae
898 2606 929 2668 in
948 2602 1071 2691 'capitis
1088 2599 1146 2664 ui·-

166 2719 331 2788 micalione
356 2743 372 2784 a
400 2719 465 2787 Ser.
488 2717 629 2812 Sulpicio
655 2745 717 2788 nun
737 2720 856 2789 idcirco
880 2707 1016 2785 debebat
1035 2714 1144 2792 obrui,

167 2833 243 2919 quod
259 2833 432 2900 abeodem
452 2835 485 2900 in
502 2834 630 2901 honoris
646 2835 850 2902 contentione
870 2833 971 2898 lucrat
985 2841 1142 2918 superate.

166 2945 408 3030 Quaesierunt
436 2950 647 3034 consuisset,
673 2961 776 3019 tamen
803 2947 851 3014 rel
879 2945 1013 3034 dignitas
1042 2942 1144 3008 honri-

167 3059 224 3141 nis,
248 3061 299 3128 rel
319 3061 446 3129 honoris
466 3063 550 3141 eius,
575 3086 669 3153 quem
686 3062 818 3154 adeptus
840 3073 922 3139 erat,
946 3058 1142 3149 amplitudo,

167 3193 315 3242 summam
343 3175 423 3244 mihi
448 3176 616 3267 superbiae
638 3175 902 3266 crudelitatisque
920 3176 1032 3242 lamnm
1057 3175 1144 3239 inus·

165 3288 270 3370 sinet,
302 3291 328 3356 si
354 3290 508 3375 hominis,
534 3307 566 3360 et
600 3293 716 3360 suiset
752 3292 862 3384 populi
881 3290 1020 3358 nonani
1051 3307 1143 3352 nma-

163 3409 271 3470 mentis
291 3406 496 3495 amplissimi,
522 3429 645 3473 causam
664 3409 743 3473 tanti
763 3405 896 3496 periculi
917 3403 1140 3493 repudiassem.

167 3515 226 3605 Ego
242 3517 257 3558 ⁴
275 3543 350 3589 rero
380 3521 446 3610 ipse
469 3545 519 3586 me
542 3522 749 3587 existimarem
771 3521 946 3598 nelarium,
971 3518 996 3582 si
1018 3515 1140 3590 amico;

167 3631 339 3717 crudelem,
364 3637 390 3700 si
406 3635 539 3718 misero;
563 3635 751 3725 superbum,
778 3637 802 3700 si
824 3632 944 3700 consuli
961 3629 1142 3696 deluissem.

168 3743 263 3828 Quare
285 3747 369 3838 quod
397 3747 534 3816 dandum
565 3763 632 3815 erat
662 3749 835 3828 amicitiae,
860 3749 945 3835 large
972 3745 1080 3810 datum
1097 3755 1141 3807 est

166 3879 269 3929 ome:
296 3863 380 3952 quod
403 3862 604 3930 tribuendum
627 3877 693 3930 erat
717 3865 838 3944 officio,
865 3862 956 3940 lidei,
983 3859 1143 3945 religioni,

161 3975 305 3993 Q—

197 4023 218 4086 ’)
236 4042 275 4087 rw
292 4028 385 4076 turea·
402 4045 428 4077 e.
449 4026 494 4078 37.
517 4026 594 4095 crs.
609 4053 642 4066 -
658 4027 680 4096 η
700 4028 762 4078 rats.
785 4045 809 4076 α.
834 4025 879 4078 2⁷.
901 4024 970 4092 nuo.
987 4051 1017 4062 -
1039 4021 1062 4085 ε)
1075 4023 1136 4070 rere.

169 4129 191 4162 e·
212 4119 240 4166 t.
259 4117 316 4182 to.
338 4147 370 4157 -
389 4120 414 4183 ⁸)
437 4121 498 4171 rats.
519 4122 532 4188 n
550 4121 593 4172 10.
