2940 4920
792 381 835 444 80

326 561 461 643 denunt,
490 582 598 652 neque
625 579 731 628 tamen
757 579 953 653 repererunt
989 563 1188 653 proponam,
1218 583 1304 652 quae

326 691 504 740 mmm
514 675 652 758 notavit,
664 697 730 766 qno
746 673 860 742 melius
876 673 1085 769 intelligatur,
1097 674 1179 766 qnid
1189 671 1304 764 displi-

326 803 395 854 oeat
415 789 450 854 in
477 787 539 854 hoc
559 786 630 854 loco
652 805 685 854 et
705 787 926 879 quamobrem.
958 788 1160 856 “Molestiarn
1181 787 1306 854 fam

327 900 413 968 istud
428 903 479 971 nni
494 907 578 970 ποῦ·
594 901 684 992 quod
695 919 802 970 tamen
813 904 1084 970 etiamScltolteat.
1101 903 1181 970 cod.
1191 901 1303 968 Clark.

326 1012 417 1107 legit,
434 1016 493 1105 qui
513 1015 678 1105 adscripsit
693 1015 786 1083 haec:
805 1021 895 1111 ἐπῇ
913 1017 1033 1109 ποικίλῃ
1054 1023 1139 1110 στοᾷ.
1161 1013 1247 1080 Nam
1262 1013 1306 1082 (le

326 1126 412 1212 loco,
435 1127 494 1195 ubi
516 1129 631 1195 Zeuxis
647 1130 809 1222 pingeret,
832 1128 973 1219 profecto
995 1131 1107 1219 quaeri
1128 1151 1219 1194 nunc
1234 1151 1306 1196 non

327 1257 438 1332 potest.
472 1241 689 1310 Hmnuounus
704 1246 802 1338 igitur
822 1239 948 1312 πόσου
964 1242 1138 1336 legendum
1153 1244 1306 1334 conjecit,

255 1417 258 1428 ,
327 1377 515 1445 comparans
530 1353 586 1420 illa
602 1353 698 1446 Apol.
715 1355 787 1424 Soc.
800 1381 833 1447 p.
851 1358 897 1423 90
912 1357 949 1422 Β.
965 1359 1011 1436 ric
1030 1360 1080 1426 eol
1097 1355 1236 1435 ποδαπός
1255 1357 1308 1423 καὶ

328 1467 424 1538 πόσου
441 1465 589 1556 διδάσκεις
608 1471 733 1537 sednec
748 1471 811 1538 hoc
826 1495 903 1538 cum
920 1473 1068 1538 universa
1084 1470 1145 1536 hac
1161 1469 1308 1560 disputa-

329 1584 415 1648 tione
436 1586 593 1676 eongruit.
616 1583 704 1668 Quid
720 1586 808 1651 enim
824 1584 951 1652 adrem
966 1607 1057 1652 nunc
1073 1607 1308 1652 commemora-

329 1713 395 1764 tam
416 1698 559 1780 interest,
577 1713 614 1763 ut
631 1699 704 1788 quis
720 1708 860 1788 pretium
881 1701 974 1780 sciat,
989 1697 1088 1790 'quod
1109 1691 1224 1764 lamis
1245 1722 1308 1788 pro

329 1809 446 1880 tabulis
457 1838 476 1878 a
497 1837 529 1880 se
545 1815 636 1903 pictis
653 1811 820 1906 exigebat?
836 1815 949 1905 ltaque
961 1812 1057 1880 aliam
1067 1814 1223 1880 rationem
1233 1812 1308 1878 iniit

328 1937 460 2009 centes,
477 1929 535 2018 qui
557 1929 601 1992 ita
621 1927 745 1994 scribite
763 1925 847 2016 οἶμαι
852 1979 864 2011 ,
882 1929 1008 2018 inquit,
1024 1925 1196 2020 yoypo'pior
1210 1925 1309 1996 utilas

327 2048 405 2123 τοῦ,
428 2042 579 2124 amicte,
598 2046 677 2124 eloe
697 2040 761 2124 υἱός
782 2047 862 2114 ἐστιν
883 2046 902 2112 o‘
923 2042 1082 2132 ζωγρᾶφος
1103 2047 1216 2122 22⁰⁹&ss-
1242 2039 1309 2108 Sed

328 2153 428 2219 fateor
455 2177 514 2224 nec
541 2155 604 2222 hoc
633 2156 712 2224 mihi
735 2156 925 2239 satisfacere,
950 2171 1061 2248 utpote
1084 2154 1308 2244 disputationis

329 2264 459 2332 consilio
476 2291 543 2334 non
560 2271 633 2335 satis
649 2247 935 2338 accommodatum.¹
958 2267 1167 2338 Manifestum
1181 2282 1229 2334 est
1245 2289 1307 2332 au-

330 2397 409 2462 tem,
422 2377 583 2469 duplicem
599 2379 683 2448 hanc
700 2384 919 2474 quaestionem
930 2381 1121 2472 respondere
1132 2380 1308 2469 superiori-

328 2491 391 2560 bus
402 2491 478 2562 illie:
491 2499 560 2566 τίνα
573 2497 646 2566 ποτὲ
661 2495 753 2584 λὲγεις
769 2498 824 2586 τήν
833 2495 934 2566 πειθώ
944 2495 1001 2585 τήν
1013 2494 1077 2565 ἀπό
1089 2500 1144 2584 ιῆς
1152 2495 1310 2583 ῥητορικῆς

329 2613 380 2678 xci
395 2613 461 2700 not
474 2614 564 2682 tiron
578 2611 674 2700 cirria
685 2609 776 2696 alvom
788 2611 903 2702 Itaque
917 2610 1081 2703 posteriori
1092 2606 1239 2676 membro
1249 2630 1309 2696 per

329 2723 506 2792 chiasmum
523 2724 718 2814 respondent
732 2723 826 2790 haec:
843 2724 884 2792 rei
898 2731 973 2792 ποῖα
985 2729 1048 2794 coir
1068 2719 1157 2804 ζώων
1172 2717 1309 2810 γράφων

328 2840 427 2928 priori
449 2856 557 2904 autem
581 2833 643 2902 illi:
661 2840 729 2908 rivo
747 2839 820 2908 rori
836 2837 928 2926 λὲγεις
940 2836 996 2926 τήν
1008 2831 1119 2918 πειθώ,
1132 2833 1222 2926 quod
1235 2849 1308 2924 apte

330 2952 533 3044 respondeat,
547 2951 629 3020 nihil
641 2939 738 3020 adest.
754 2954 839 3018 Nam
850 2950 937 3018 istud
946 2958 1008 3021 ποῦ’
1018 2975 1118 3042 quam
1128 2949 1308 3018 absurdum

329 3067 384 3148 sit,
401 3063 453 3134 vel
469 3089 560 3132 caeco
577 3067 724 3158 patuerit.
752 3064 874 3149 Quodsi
891 3063 989 3156 igitur
1004 3064 1155 3130 orationis
1170 3061 1308 3128 sormam

329 3178 371 3244 ad
386 3177 627 3246 similitudinem
643 3179 845 3270 superiorum
866 3175 1041 3244 verborum
1062 3196 1307 3266 componamus,

329 3295 372 3358 ita
393 3291 458 3360 fere
480 3293 653 3386 (licendum
679 3295 732 3358 sit:
761 3295 829 3384 not
843 3293 966 3381 chorri
983 3290 1087 3382 γραφή
1108 3290 1204 3360 etiroti
1223 3293 1289 3360 ἔστι
1296 3339 1309 3370 ,

329 3409 380 3474 καὶ
396 3407 462 3475 rim
483 3406 581 3494 αὗτῆν
599 3403 672 3474 alm
686 3404 793 3494 λέγειςς
818 3403 910 3472 Nihil
930 3406 1028 3498 igitur
1043 3405 1149 3470 verius
1165 3425 1232 3468 esse
1246 3425 1309 3492 po-

329 3535 403 3603 test,
415 3545 515 3611 quam
526 3519 615 3610 quod
631 3536 788 3586 tonsurus
801 3523 866 3610 jam
879 3545 898 3586 a
913 3537 1017 3586 uerno
1029 3534 1192 3608 repertum
1202 3518 1309 3606 smpi-

329 3653 418 3702 catus
435 3652 490 3716 eet,
507 3633 605 3712 πῶςς
624 3657 823 3724 quamquam
834 3635 869 3700 id
884 3657 953 3701 non
970 3631 1126 3700 intellexit
1136 3633 1308 3720 interpres,

330 3750 388 3838 qui
403 3749 478 3814 satis
494 3750 575 3814 mire
585 3749 791 3814 converterit:
808 3769 870 3838 quo
889 3761 998 3836 paeto.
1025 3745 1149 3812 Eadem
1165 3744 1308 3835 quaeum

329 3885 404 3928 rnox
430 3883 465 3950 p.
494 3861 563 3924 set
582 3859 614 3926 A
634 3861 768 3926 iteratur
790 3862 849 3928 eice
877 3861 1018 3940 δικώς,
1041 3865 1140 3946 ὥσπερ
1160 3861 1231 3946 saepi
1253 3861 1311 3926 ret

330 3973 512 4064 ζωγράφου,
532 3973 610 4058 μετὰ
625 3979 714 4042 τοῦτο
726 3973 934 4062 lumtpolu'oi'
945 3971 990 4039 tir
1002 3971 1057 4040 aia
1071 3971 1206 4057 teme,
1221 3971 1311 4048 πώς

329 4081 372 4168 δὴ
388 4083 514 4157 nstin&
528 4081 645 4166 καὶτῆς
659 4081 775 4164 nield
792 4081 957 4166 affieri
972 4078 1111 4166 ρητοραή
1124 4075 1310 4162 iareim·
