2942 4902
761 361 802 422 59

279 559 419 616 meruisti
435 549 474 615 de
497 547 791 614 Romanis'siudiis:
809 569 926 634 taragna
938 544 1061 608 illamam
1074 565 1156 632 pars
1174 559 1256 604 enar

209 645 212 652 “
279 665 356 728 nim.
375 677 464 752 pater
485 679 578 740 truse
596 675 634 728 οῖ’
646 661 780 749 respexit
790 657 918 724 sortasse
936 655 1017 722 illud
1034 653 1256 747 Vergilianum

280 799 498 866 prorumpere
510 794 626 864 magna
636 776 705 866 sui.
729 771 842 838 Utitur
858 771 969 836 eedem
988 767 1149 834 locutione
1166 791 1193 832 c.
1215 767 1256 830 tt

280 900 402 980 erisque
427 909 459 958 et
479 899 653 979 spectatrix
674 902 705 953 ei
720 911 802 976 pars
823 911 940 976 magna
962 889 1152 951 conantium.

323 1003 436 1068 Paucis
460 1021 531 1094 post
549 1001 692 1070 versibus
710 1001 728 1091 §
751 1005 771 1064 5
791 1002 890 1066 oratio
910 1001 1026 1064 iterum
1049 995 1171 1087 aliquid
1190 995 1256 1060 vitii

280 1119 470 1183 contraxisse
490 1115 625 1182 videtur.
677 1117 781 1181 Locus
807 1117 850 1182 ita
876 1129 979 1179 sonat:
1005 1114 1148 1202 Antiqua
1173 1107 1258 1174 mala

281 1238 313 1291 in
337 1239 518 1294 memoriam
547 1231 682 1294 reduci:
707 1243 737 1294 ei
762 1237 808 1294 vis
831 1237 912 1294 scire
933 1227 1016 1291 donc
1038 1246 1159 1316 quoquc
1182 1223 1259 1310 pla·

277 1365 353 1428 gam
380 1366 448 1408 esse
469 1343 674 1408 sanandam?
701 1341 825 1408 ostendi
840 1339 908 1406 tibi
936 1361 1034 1428 aeque
1060 1345 1170 1427 magni
1191 1333 1259 1402 vul-

281 1461 367 1517 neris
393 1463 581 1522 cicatricem.
626 1457 666 1520 In
696 1454 746 1521 his
773 1455 913 1545 quaestio
941 1452 1124 1540 interposita
1154 1449 1258 1515 nescio

282 1566 362 1654 quid
383 1567 457 1633 duri
476 1567 582 1635 habet.
596 1567 728 1634 Mollior
745 1583 777 1634 et
797 1568 924 1633 temtior
941 1563 996 1632 fiet
1007 1565 1107 1630 oratio
1128 1564 1171 1628 ita
1188 1585 1259 1628 cor-

282 1695 385 1745 recta:
426 1685 570 1772 Antiqua
601 1684 688 1748 mala
716 1691 749 1746 in
778 1688 962 1746 memoriam
991 1679 1107 1744 reduxi
1133 1691 1183 1756 et,
1218 1695 1259 1738 ut

281 1811 386 1860 solans
411 1795 493 1860 hanc
514 1816 635 1886 quaque
657 1796 798 1884 plagam·
816 1817 884 1860 esre
908 1791 1086 1858 sanandam
1101 1841 1119 1872 ,.
1137 1787 1261 1854 emendi

280 1907 338 1970 tibi
366 1931 465 1998 aeque
482 1917 592 1997 magni
616 1911 761 1974 vulneris
785 1916 974 1973 cicatricem.
1211 1919 1214 1926 ’

324 2020 394 2108 §8-
414 2047 483 2112 cap.
505 2027 534 2086 1.
572 2025 659 2090 Nam
678 2023 841 2088 vulnerum
867 2043 988 2112 quoque
1009 2027 1133 2086 sanitas
1143 2017 1261 2109 sociiis

281 2147 347 2213 esi,
381 2133 454 2198 dum
481 2159 502 2199 a
528 2143 683 2224 sanguine
714 2143 854 2199 recentia
884 2147 978 2198 sant:
1013 2147 1087 2198 tanc
1109 2145 1140 2198 et
1161 2151 1260 2195 urun-

282 2259 335 2309 tur
357 2258 388 2308 et
407 2255 441 2309 in
464 2249 563 2312 alitem
584 2225 773 2312 revocantur
796 2261 828 2311 et
843 2245 960 2334 digitos
979 2253 1185 2310 scrutantium
1208 2266 1261 2307 re-

282 2364 423 2444 cipiunt,·
454 2359 506 2422 ubi
527 2373 676 2448 corrupta
701 2367 735 2422 in
757 2359 873 2424 malum
895 2359 985 2424 ulcus
1001 2369 1177 2440 vertamini,
1194 2355 1260 2446 dif-

218 2499 222 2510 =
272 2467 399 2554 ficiiius
414 2483 575 2536 curantur.
602 2471 774 2562 Perpetem
791 2457 954 2539 nonnemo
970 2471 1048 2538 haec
1071 2467 1167 2537 stulta
1183 2470 1262 2535 dixit

282 2579 373 2646 etad
393 2586 642 2673 transpositionis
666 2585 844 2652 remedium
861 2583 1014 2678 confugit.
1051 2581 1185 2650 Mallem
1203 2583 1262 2648 do-

281 2694 411 2777 enimet,
440 2697 521 2786 quid
541 2713 619 2764 esset
637 2698 756 2764 ouhtus
782 2707 815 2763 in
834 2699 931 2766 alnum
954 2720 1110 2764 revocare.
1145 2697 1262 2763 Neces—

282 2809 401 2873 sarium
424 2826 521 2897 puto:
552 2825 585 2875 et
605 2819 637 2874 in
661 2811 760 2878 altram
792 2813 837 2901 (ot
864 2812 949 2894 alte,
979 2827 1016 2876 ut
1037 2812 1201 2901 scriptores
1222 2807 1262 2874 il-

281 2917 344 2985 lius
364 2923 471 2986 aetatis
501 2931 534 2985 in
560 2924 706 3013 longum,
735 2933 769 2989 in
788 2923 967 3012 publicum,
1002 2921 1181 3014 similiaque
1203 2947 1262 3014 pro

283 3031 440 3099 adverbiis
460 3034 638 3125 ponebant)
657 3055 865 3104 resecatam.

276 3187 280 3196 ·
328 3143 419 3228 Quae
438 3145 591 3239 leguntur
614 3173 683 3239 cap.
708 3153 739 3214 9.
763 3149 780 3239 §
803 3152 822 3214 3
847 3151 933 3215 Bene
952 3121 1072 3238 legcrdt
1091 3150 1172 3216 nulli
1195 3173 1263 3215 ces·

284 3281 361 3323 sura
371 3261 508 3347 ponderi
523 3263 743 3352 fundamenta
760 3265 922 3329 continere
943 3260 1026 3328 nihil
1051 3263 1112 3328 nisi
1134 3263 1261 3329 inanem

283 3373 539 3440 antecedentium
563 3374 841 3465 amplificationem
866 3379 978 3442 merito
998 3373 1154 3442 observat
1168 3377 1209 3442 H.
1224 3375 1262 3442 G.

277 3481 468 3570 Michaelis,
485 3489 518 3553 in
536 3489 610 3554 edit.
632 3489 730 3578 hujus
748 3487 866 3570 libelli,
888 3510 970 3579 quae
988 3489 1107 3578 prodiit
1122 3487 1264 3556 Harlemi

222 3665 225 3670 ,
282 3619 311 3662 a:
337 3601 438 3682 1840,
460 3625 491 3690 p.
519 3603 572 3664 ie.
616 3599 679 3666 Sed
708 3603 741 3666 in
771 3601 907 3668 Senecae
931 3599 1105 3666 virtutibus
1123 3599 1263 3690 prosecta

286 3734 352 3775 non
371 3730 417 3778 est
438 3713 605 3793 sobrietas,
623 3711 789 3804 multaque
809 3714 1038 3797 redundantia,
1061 3719 1191 3805 quaein
1208 3713 1265 3782 ci-

213 3823 219 3834 '
284 3845 399 3888 carone
418 3847 485 3888 non
507 3825 601 3906 seras,
623 3827 656 3888 in
678 3826 740 3890 hoc
760 3829 910 3915 scriptore
928 3825 1055 3892 ferenda
1078 3844 1163 3892 sunt.
1201 3828 1264 3896 Sed

284 3951 323 4000 at
349 3935 426 4002 haec
451 3936 491 4002 ad
521 3935 712 4004 Marceiium
740 3941 929 4028 pertineant,
959 3961 1025 4004 non
1054 3955 1091 4004 ut
1116 3959 1205 4006 nanc
1227 3937 1263 4006 fit

276 4049 327 4114 'ad
360 4047 562 4142 Augustum
587 4050 793 4117 scribendum
819 4067 882 4117 est:
915 4054 999 4120 Bene
1029 4069 1160 4118 sternar
1181 4056 1263 4120 nulii
