2940 4900
785 363 848 428 168

324 551 454 640 pionem
467 548 558 637 prius
570 569 637 613 non
649 569 818 640 agnoscere
838 547 955 614 herum
965 569 1077 625 sunm
1092 548 1148 624 cui
1163 545 1304 636 opinioni

323 685 400 728 cum
417 659 579 726 obstarent
596 662 630 726 in
651 683 697 726 vs.
715 663 736 725 l
752 663 823 728 etl>
844 661 959 728 verbu:
984 663 1060 727 hem
1081 685 1154 726 uteo
1177 669 1224 726 tre
1248 659 1302 724 ad·

325 799 448 842 vorsum
468 791 500 842 ct
514 791 547 841 tu
568 797 669 840 amas.
698 775 771 864 Ego
787 784 891 840 esurio
909 783 1044 858 etsitio,
1061 774 1144 840 huuc
1159 773 1302 864 supposi-

324 890 392 954 titia
407 911 472 955 esse
493 889 691 978 pronuntiat.
726 889 797 954 Imo
815 893 879 977 jam
894 887 969 954 inde
981 913 1000 952 n
1014 911 1110 954 versu
1127 890 1148 952 l
1166 886 1303 955 Stnlino·

322 1025 399 1068 nem
414 1002 554 1083 viderut,
567 999 787 1067 et.consilium
800 1003 914 1068 inierat
923 1001 1040 1068 herum
1055 1025 1155 1068 sumn
1169 998 1301 1090 superbo

298 1089 303 1100 ⁸
321 1131 354 1184 et
371 1115 537 1209 magnifice
559 1114 716 1197 adcundi,
739 1117 830 1206 qussi
850 1120 915 1205 jam
932 1113 1079 1181 libertate
1094 1115 1234 1182 donatus
1254 1134 1301 1178 es-

322 1246 378 1296 sct.
412 1230 516 1322 Igitur
536 1251 597 1296 nec
613 1227 749 1296 salutem
765 1231 794 1296 ei
808 1229 930 1312 reddit,
947 1251 1055 1320 neque
1071 1251 1150 1296 sum
1172 1227 1300 1318 propius

322 1341 364 1406 ad
390 1363 422 1408 se
440 1342 587 1409 accedere
608 1345 748 1433 patitur3
770 1343 813 1409 ob
838 1366 973 1436 sumque
996 1366 1066 1409 rem
1085 1343 1195 1409 iratus
1207 1361 1298 1407 senex

320 1453 399 1541 μέγα
413 1456 503 1524 susus
518 1458 546 1522 ei
564 1458 716 1523 minatur.
743 1455 832 1523 Tum
847 1481 923 1525 vero
940 1455 1080 1539 villicus,
1097 1457 1192 1548 qussi
1204 1455 1299 1520 mirs-

320 1581 372 1632 tus
389 1565 562 1634 Stalinonis
576 1570 758 1652 audacium,
780 1571 853 1661 quis
870 1585 908 1636 tu
921 1593 969 1653 es,
983 1572 1108 1662 inquit,
1125 1570 1186 1662 qui
1200 1571 1234 1634 in
1249 1589 1298 1633 ms

320 1686 491 1775 imperium
504 1684 655 1753 exhibes?
678 1685 733 1752 An
750 1703 788 1752 tu
804 1686 972 1778 dominum
985 1703 1016 1752 te
1031 1709 1096 1752 csse
1112 1681 1243 1752 censes?
1257 1679 1299 1748 At

317 1821 376 1891 ego
398 1823 472 1866 sum
490 1797 583 1865 liber.
617 1799 789 1889 Perpetem
805 1823 938 1891 quoquc
953 1799 1085 1870 Bothius
1097 1799 1215 1871 verba:
1233 1817 1297 1862 sum

317 1933 425 1976 servus
444 1925 516 1976 tuus
538 1914 572 1974 in
589 1933 684 1976 versu
707 1915 748 1977 13
772 1911 961 2002 Olympioni
977 1913 1079 1992 dedit3
1096 1915 1164 1980 imo
1184 1934 1222 1978 eo
1242 1907 1296 1975 de·

317 2025 406 2088 vcnit
420 2021 526 2089 senilis
545 2039 677 2104 amator,
695 2039 732 2089 ut
744 2047 777 2090 se
799 2023 1002 2116 Olympionis
1020 2049 1085 2094 esso
1104 2049 1234 2095 serrum
1248 2023 1296 2089 dl-

315 2149 386 2214 cat,
403 2157 444 2200 ne
458 2133 514 2200 ille
531 2133 647 2200 seilicet
661 2135 731 2200 heri
747 2139 797 2200 stri
808 2140 908 2202 amori
923 2163 1053 2228 operum
1066 2139 1145 2209 durs
1161 2135 1295 2228 amplius

314 2244 407 2312 nolit.
431 2227 567 2314 villicus
587 2263 694 2314 autem
707 2247 782 2313 dntc
798 2248 858 2315 sibi
878 2253 913 2316 in
928 2252 1044 2320 henim
1062 2257 1134 2343 jure
1149 2269 1182 2320 st
1195 2253 1293 2340 imps-

316 2359 364 2422 rio
381 2355 484 2424 utitur
500 2357 724 2448 superbissime
731 2410 741 2443 ,
752 2377 783 2427 et
794 2360 992 2430 Stalincnsm
1005 2365 1082 2430 dicit
1096 2365 1293 2433 essesut-etun

314 2491 471 2560 nequam,
490 2475 582 2562 cujus
605 2469 716 2539 nullus
738 2473 799 2541 sibi
820 2478 860 2542 sit
878 2501 965 2544 usus.
989 2478 1074 2544 Hinc
1096 2475 1291 2570 intelligitur,

311 2565 420 2664 credo,
441 2607 540 2674 quam
557 2586 664 2675 inepte
677 2587 712 2651 in
729 2609 818 2679 seqq.
837 2587 960 2656 Stslino
977 2613 1088 2658 rursus
1106 2591 1177 2660 lieri
1187 2607 1291 2680 pem·

313 2717 391 2761 nam
417 2698 584 2787 suscipiat,
611 2721 672 2766 nec
696 2697 811 2768 dubito
834 2703 916 2793 quin
940 2701 1055 2770 verbu:
1084 2705 1165 2794 quid
1187 2697 1291 2768 nuuc?

312 2831 407 2896 quam
425 2833 501 2878 mcx
518 2833 644 2877 recreas
665 2815 739 2879 me?
759 2813 948 2907 Olympioni
963 2813 1211 2884 sint-reddente
1239 2811 1289 2880 sic

312 2935 420 2986 autern
435 2937 684 2990 consentaneum
698 2943 760 3009 est,·
769 2944 807 2993 ut
817 2927 965 3019 deinceps
978 2931 1074 2996 etium
1083 2947 1289 3020 presumunt

311 3033 443 3098 uomina
463 3035 546 3101 intsr
568 3059 600 3103 ss
613 3055 861 3108 commutentur.
893 3043 966 3110 Jum
982 3065 1058 3111 vero
1077 3046 1112 3110 in
1130 3045 1232 3112 vsrsu’
1245 3035 1287 3104 9⁰

310 3146 411 3236 probe
427 3147 623 3244 intelligitur,
644 3154 726 3246 quid
742 3155 803 3224 sibi
829 3156 906 3225 volit
927 3157 1081 3251 Olympio
1100 3159 1151 3228 his
1169 3153 1284 3226 verbi&

309 3285 368 3351 ego
387 3263 439 3329 hic
453 3264 559 3330 leubr‘to
583 3291 666 3334 nunc
690 3271 832 3359 quidem,
853 3293 936 3364 quae
959 3273 1088 3339 Pistoris
1107 3267 1283 3363 conjectum

308 3397 419 3442 sanare
429 3373 565 3444 volebat.
580 3377 743 3446 Nimirum
753 3383 861 3450 innuit
869 3382 1006 3466 villicus,
1016 3407 1146 3454 munuc
1156 3381 1284 3475 quidem

307 3487 507 3556 domicilium
525 3490 642 3566 habers
661 3495 695 3559 in
712 3495 844 3570 aedibus
859 3495 1050 3580 &almorum
1068 3521 1145 3565 mox
1165 3517 1240 3564 rem
1251 3509 1283 3556 ω

191 3591 196 3602 ’
308 3623 362 3666 rus
379 3623 443 3669 esse
460 3602 634 3672 abiturum.
655 3605 739 3676 Sunt
756 3610 853 3700 igitur
868 3613 975 3678 omnia
994 3611 1072 3678 haec
1080 3609 1194 3692 villici,
1211 3603 1282 3672 inde

306 3713 452 3780 averhis:
465 3717 554 3782 Intro
564 3741 641 3808 ergo
654 3719 769 3786 abeant
773 3747 910 3813 propere
921 3747 1024 3816 usque
1034 3725 1076 3792 ud
1086 3723 1193 3792 tabeo
1201 3741 1281 3786 ritmo

305 3824 443 3914 quidem,
462 3849 545 3917 quae
562 3829 660 3895 verba
675 3853 861 3924 congruunt
880 3861 957 3904 cum
978 3839 1031 3920 iis,
1053 3861 1137 3928 quse
1159 3839 1194 3903 in
1216 3851 1279 3920 seq·

305 3937 561 4009 scenadesodsm
569 3942 631 4009 hoc
641 3938 747 4011 villico
758 3947 921 4018 dicuntur.
939 3951 1096 4020 lbivsrsu
1105 3947 1278 4044 penultimo

304 4075 363 4146 pro
377 4052 625 4165 ausbas'crtnfcer
639 4061 811 4156 legendum
825 4063 903 4132 mihi
914 4065 1041 4134 videtur
1050 4065 1255 4132 umbestn'ces·
