2862 4894
608 337 650 401 35

139 527 297 592 marimum
338 523 479 590 sisarum
513 543 679 590 numerum
714 533 746 588 et
782 519 960 610 gladiorum
987 518 1110 590 extulit.

140 645 186 706 ut.
208 636 368 706 lntrodnxi
391 638 403 676 ¹
428 636 630 704 Vulturoiunr
655 638 722 704 sine
744 634 861 704 Gallis:
884 637 982 704 iidem
1001 639 1032 704 ei
1054 659 1114 728 pu·

144 753 261 833 blicam,
276 757 365 820 iussn
382 765 517 835 senntus,
542 751 631 820 dedi:
649 751 793 820 hortatus
814 775 895 835 sum,
911 765 948 819 nt
969 775 1016 833 ea,
1034 775 1116 842 quae

142 871 235 948 sciret,
256 871 323 936 sine
352 869 467 936 timore
485 867 651 935 iudiearet.
686 868 769 936 Tum
788 867 857 947 ille,
881 889 979 957 quum
1006 867 1057 932 rix
1083 890 1115 933 se

144 1004 174 1046 er
200 1005 304 1072 msgno
334 985 449 1048 timore
481 997 670 1068 recreasset,
699 982 796 1050 dirite
825 1005 843 1048 a
867 984 901 1049 Ρ.
921 982 1056 1050 Lentulo
1082 1003 1114 1047 se

146 1095 246 1164 babere
264 1097 303 1164 ad
328 1097 498 1166 catilinam
515 1097 661 1165 mandate
687 1111 719 1166 et
742 1097 868 1180 literas,
893 1109 930 1164 nt
953 1119 1114 1163 serrorum
1156 1078 1165 1096 ’

146 1211 281 1298 praesidio
306 1224 469 1298 uteretur,
499 1225 531 1280 et
550 1212 590 1278 sd
610 1212 728 1280 Urbem
753 1234 849 1302 quarn
876 1212 1113 1302 primumcum

148 1328 264 1391 eremita
293 1327 475 1396 secederet:
500 1325 534 1392 id
556 1339 663 1392 rutena
689 1349 726 1393 eo
755 1326 901 1408 oonsilio,
930 1339 984 1405 ut,
1014 1347 1112 1416 quum

151 1439 247 1507 Urbem
274 1443 419 1508 omnibus
446 1463 482 1507 er
509 1442 667 1532 partibus,
703 1441 969 1532 quemadmodum
999 1440 1114 1508 deseri·

153 1567 224 1640 ptum
237 1553 504 1646 distributumque
525 1570 600 1636 erat,
622 1555 841 1636 incendissent,
859 1556 1051 1646 eaedemque
1068 1559 1114 1622 in·

156 1665 250 1733 initam
278 1671 395 1736 oinium
429 1671 592 1748 fecissent,
622 1681 746 1758 praesto
776 1682 856 1736 esset
890 1670 964 1751 ille,
996 1671 1053 1760 qui
1081 1683 1114 1736 et

160 1778 281 1866 ludentes
296 1783 464 1873 exciperet,
483 1797 564 1850 etse
584 1805 659 1849 eum
674 1781 724 1848 his
743 1783 871 1849 urbanis
889 1783 1023 1849 duoibus
1038 1805 1114 1849 onn-

166 1891 285 1981 inques.
332 1901 387 1964 85.
421 1897 601 1965 lutrodueti
630 1910 739 1963 autem
764 1895 866 1980 Galli,
897 1895 1114 1962 iusiurandum

169 2004 359 2079 thietheres
383 2035 401 2077 a
418 2013 455 2079 P.
478 2011 628 2093 Lentulo,
650 2011 811 2102 Cethego,
832 2011 959 2080 Statilio
974 2010 1012 2077 ad
1027 2033 1115 2082 suam

165 2137 256 2206 genum
278 2126 366 2194 datas
392 2149 456 2194 esse
482 2127 645 2197 dixerunt:
673 2141 770 2218 atque
792 2129 837 2194 ite
865 2127 926 2194 eibi
948 2126 988 2222 ab
1009 2125 1058 2192 his
1081 2139 1114 2192 et

160 2236 218 2302 th
241 2241 343 2308 cauto
362 2263 429 2308 esse
449 2245 696 2332 praescriptum,
716 2256 753 2309 ut
775 2243 953 2332 equitatum
971 2243 1005 2308 in
1025 2241 1114 2308 ltali-

155 2373 194 2416 ιω
210 2378 297 2444 quam
314 2359 455 2448 primum
473 2361 652 2426 mitterent:
675 2357 835 2448 pedestres
849 2356 910 2424 sibi
930 2357 1035 2447 eopias
1050 2379 1113 2422 non
1186 2355 1188 2360 ’

153 2463 308 2538 defuturus
340 2473 511 2540 Lentulum
537 2485 643 2540 autern
669 2473 729 2537 ribi
758 2471 958 2540 confirmasse
979 2495 1016 2540 er
1041 2473 1113 2538 latis

150 2577 289 2670 Sibyllinis
322 2585 589 2677 haruspicumque
618 2588 793 2674 responsis,
823 2607 855 2652 se
885 2607 950 2652 esse
982 2585 1112 2651 tertium

147 2693 220 2764 illum
246 2699 444 2780 Cornelium,
469 2701 508 2767 ad
530 2723 624 2790 quem
646 2722 779 2790 regnum
796 2698 890 2767 huius
908 2700 996 2766 urbis
1017 2711 1112 2788 atque

146 2807 295 2900 imperium
318 2817 481 2906 pervenire
503 2829 583 2882 esset
605 2839 748 2883 neeesse:
773 2813 906 2885 Cinnam
929 2827 1003 2881 ante
1026 2835 1058 2880 se
1080 2828 1112 2880 et

145 2922 248 2994 Sullam
270 2931 385 2998 fuisse:
410 2931 615 3022 eumdemque
638 2932 764 3013 dixisse,
789 2931 914 2998 fatalem
936 2928 1023 2994 huno
1048 2949 1112 2994 esse
1196 2947 1200 2953 ’

144 3061 245 3110 annum
268 3044 308 3110 ad
330 3047 495 3113 interitum
516 3045 610 3112 buius
628 3047 716 3112 urbis
728 3057 823 3135 atque
834 3044 972 3135 imperii,
989 3044 1047 3132 qui
1064 3066 1111 3109 es·

141 3169 179 3222 ret
199 3157 337 3226 decimus
358 3181 457 3226 annus
479 3173 550 3250 post
573 3161 740 3249 Virginum
762 3159 1011 3237 absolutionem,
1039 3171 1111 3247 post

142 3268 279 3360 capitolii
294 3286 399 3342 antem
410 3274 624 3340 incensionem
641 3273 812 3340 vicesimus.
834 3273 922 3340 liene
934 3283 1039 3338 autem
1052 3270 1111 3338 Ge·

139 3383 222 3475 thego
241 3409 315 3454 curn
337 3391 449 3456 noteris
471 3389 713 3456 eonuorersiam
731 3388 825 3454 luisse
839 3385 1004 3456 dixerunt:
1024 3385 1110 3476 quod

136 3499 263 3568 lentulo
274 3517 306 3568 et
316 3503 400 3586 aliis,
419 3500 772 3570 eaedemSaturnalibus
787 3503 871 3584 fieri,
884 3514 979 3592 atque
991 3501 1109 3568 Urbem

135 3615 253 3685 ineendi
275 3617 430 3708 plaeeret;
461 3617 600 3707 Cethego
623 3619 757 3686 nimium
785 3617 819 3685 id
844 3618 971 3707 longum
993 3617 1106 3686 rideri.

172 3845 298 3914 XXlll.
322 3850 379 3914 86.
404 3847 452 3914 ho
468 3848 499 3926 ²,
520 3797 563 3914 ne
586 3849 715 3938 longum
737 3849 798 3930 sit,
824 3847 951 3914 tabellas
973 3847 1107 3938 proferri

135 4013 296 4028 m-

162 4113 187 4176 ι)
212 4111 272 4162 mn
289 4129 310 4164 e.
324 4113 348 4162 a.
371 4109 432 4177 os.
453 4137 487 4152 -
504 4111 528 4176 ι)
548 4113 606 4164 raas.
620 4130 641 4164 ο.
660 4113 685 4164 s.
701 4113 714 4178 o
730 4111 771 4162 10.

953 4199 996 4266 3¹
