2862 4894
742 282 761 344 4

258 477 371 533 stratus
395 463 647 555 tribuniplebis.
694 466 812 533 (luneio
837 466 962 532 tandem
984 481 1179 558 exspectatur
1205 471 1241 539 P.

257 580 364 662 Rulli,
390 580 474 671 quod
504 595 535 648 et
566 583 713 673 princeps
736 597 803 649 erat
833 584 971 672 agrariae
994 584 1070 675 legis
1081 634 1095 668 „
1118 600 1149 654 et
1174 599 1242 652 tru-

257 698 412 765 culentius
427 722 459 764 se
480 697 625 786 gerebat,
644 723 737 788 quam
755 701 869 768 ceteri:
896 701 952 788 qui
969 701 1031 766 iarn
1049 700 1239 790 designatus,

256 812 318 878 alio
342 813 448 896 vultu,
475 811 537 878 alio
561 815 646 879 rocis
670 837 770 895 sono,
795 813 855 879 alio
875 815 996 880 incessu
1018 837 1086 881 esse
1108 814 1241 882 medita·

256 930 361 1009 batur,
385 933 499 996 vestitu
519 929 726 1009 obsoletiore,
743 952 876 1020 corpore
899 929 1019 995 inculto
1040 939 1072 995 et
1095 927 1237 1008 horrido,

255 1044 449 1134 capillatior,
482 1067 576 1134 quam
608 1058 700 1126 ante,
728 1045 890 1135 barbaque
920 1045 1058 1110 maiore:
1082 1056 1118 1109 ut
1142 1044 1240 1110 oculis

254 1171 287 1224 et
310 1157 460 1248 adspectu
483 1159 667 1225 denuntiare
699 1160 845 1226 omnibus
868 1160 930 1226 rim
956 1158 1183 1238 tribuniciam,
1207 1171 1240 1224 et

254 1273 394 1339 minitari
418 1274 464 1339 rei
486 1267 635 1363 publicae
655 1273 827 1340 rideretur.
876 1275 990 1364 Legem
1011 1273 1147 1340 bominis
1165 1296 1240 1341 con·

254 1389 443 1476 cionemque
467 1389 696 1476 exspectabam.
727 1389 791 1454 Lex
812 1386 904 1454 initio
919 1387 1005 1454 nulla
1027 1389 1234 1478 proponitur:

254 1502 438 1568 concionem
462 1501 494 1566 in
518 1501 627 1592 primis
647 1500 791 1567 advocari
811 1500 917 1572 iubet:
944 1523 1065 1568 summa
1089 1522 1161 1567 cum
1186 1525 1239 1568 ex·

253 1615 449 1704 spectatione
480 1615 692 1683 concurritur.
742 1618 769 1679 4.
795 1614 938 1704 Explicat
969 1616 1141 1682 orationem
1166 1637 1239 1682 sane

251 1731 396 1820 longam,
427 1743 460 1797 et
489 1731 592 1798 serbis
622 1729 712 1797 ralde
744 1730 847 1796 bonis.
897 1729 1003 1796 Unum
1037 1743 1125 1810 erat,
1153 1731 1238 1819 quod

250 1843 331 1911 mibi
363 1844 511 1912 uitiosum
543 1843 728 1923 ridebatur,
761 1843 846 1934 quod
880 1855 964 1910 tanta
993 1865 1029 1910 ex
1060 1845 1238 1932 frequentia

251 1958 386 2026 inueniri
410 1981 502 2026 nemo
527 1961 649 2048 potuit,
674 1960 729 2048 qui
750 1958 924 2046 intelligere
944 1971 1067 2046 posset,
1091 1958 1168 2047 quid
1191 1957 1239 2024 di·

251 2085 350 2141 ceret.
398 2072 469 2138 lloc
492 2073 545 2139 ille
580 2085 685 2138 utrum
711 2073 893 2138 insidiarum
926 2093 1016 2138 causa
1040 2073 1174 2152 fecerit,
1198 2094 1235 2138 an

250 2185 313 2252 boc
335 2208 450 2275 genere
482 2185 681 2276 eloquentiae
714 2185 901 2262 delectetur,
927 2185 1045 2252 nescio.
1094 2185 1233 2268 Tamen,

250 2301 276 2366 ri
302 2300 358 2388 qui
381 2301 536 2370 acutiores
558 2301 588 2364 in
606 2299 759 2365 concione
776 2312 943 2381 steterant,
970 2299 1008 2366 de
1031 2300 1098 2388 lege
1117 2301 1236 2388 agraria

249 2415 356 2480 nescio
380 2413 457 2504 quid
483 2413 613 2480 soluisse
637 2436 711 2480 eum
735 2413 860 2492 dicere,
885 2414 1135 2502 suspicabantur.
1167 2413 1235 2478 Ati·

250 2525 377 2619 quando
401 2527 547 2608 tandem,
573 2550 623 2595 me
646 2527 828 2616 designato,
849 2526 898 2592 ler
923 2529 954 2592 in
978 2527 1143 2618 publicum
1160 2541 1236 2616 pro·

248 2644 388 2732 ponitur.
435 2641 635 2710 Concurrunt
667 2641 749 2708 iussu
782 2664 851 2708 meo
875 2641 979 2731 plures
1004 2665 1068 2708 uno
1092 2655 1235 2731 tempore

248 2755 385 2825 librarii:
409 2755 598 2845 descriptam
623 2756 725 2844 legem
748 2755 787 2822 ad
810 2779 861 2824 me
883 2757 1026 2824 afferunt.

292 2986 339 3054 ll.
362 2985 394 3053 b.
420 2985 517 3053 Omni
535 2988 545 3026 ¹
570 2984 633 3052 hoo
651 2986 875 3054 asseveratione
891 2986 1078 3051 confirmare
1094 3006 1232 3074 possum,

247 3097 310 3169 hoe
333 3100 439 3167 animo
462 3122 513 3165 me
543 3098 581 3164 ed
605 3098 768 3188 legendam
797 3099 898 3188 legem
922 3097 1234 3186 cognoscendamque

247 3215 389 3293 senisse,
413 3227 472 3294 ut,
497 3213 522 3278 si
545 3235 614 3280 eam
633 3213 751 3303 populo
768 3210 1037 3278 accommodatam
1053 3224 1148 3301 atque
1172 3212 1235 3276 uti·

246 3327 309 3395 lem
333 3351 398 3395 esse
422 3327 652 3410 intellexissem,
679 3340 788 3394 auctor
804 3327 870 3394 eius
894 3340 989 3416 atque
1013 3325 1137 3392 adiutor
1157 3326 1232 3390 luis·

246 3465 323 3510 sem.
369 3443 441 3509 Non
465 3444 550 3510 enirn
573 3457 710 3520 natura,
734 3464 836 3530 neque
857 3439 1009 3520 dissidio,
1033 3460 1136 3528 neque
1160 3436 1233 3504 odio

245 3557 370 3645 penitus
401 3557 493 3624 insito
523 3557 640 3624 bellum
669 3556 773 3622 nescio
805 3554 890 3644 qnod
923 3553 1018 3620 habet
1051 3565 1231 3642 susceptum

245 3671 420 3738 consulatus
444 3695 516 3740 cum
543 3673 726 3748 tribunatu,
751 3669 824 3758 quia
842 3690 989 3758 persaepe
1008 3664 1160 3732 seditiosis
1183 3677 1231 3731 at·

244 3807 306 3874 que
331 3785 483 3876 improbis
516 3787 651 3854 tribunis
681 3782 782 3874 plebis
813 3783 891 3850 boni
914 3784 946 3850 el
968 3781 1064 3850 fortes
1087 3779 1229 3850 consules

239 3939 394 3960 ι--ιὶ-ιι-

277 4039 300 4106 q
317 4039 375 4091 rara.
393 4055 413 4092 e
430 4036 455 4092 o.
473 4038 487 4106 s
504 4036 544 4089 rr.
