2862 4894
744 321 787 385 22

969 398 980 440 l

281 537 342 605 que
365 511 533 579 auotoritas
555 520 692 576 senatus.
738 505 939 574 Habebamus
950 507 1035 573 enim
1051 520 1173 574 senatus
1186 529 1262 574 oon·

280 629 396 695 nultum
431 626 464 692 in
487 623 654 690 Catilinam
688 615 853 690 vehemens
884 635 916 688 et
949 645 1053 712 grare.
1108 625 1178 710 Qun
1196 623 1207 662 ¹
1226 647 1263 689 er

281 738 566 809 senatusconsulto
589 736 753 803 confestim
776 735 978 802 interiectum
1002 757 1065 802 esse
1096 735 1265 804 Catilinam

283 856 500 925 nonroniebet.
546 851 590 920 dt
607 851 737 917 virebat
761 849 918 918 Catilina:
944 861 976 916 et
999 850 1123 916 vivebat
1146 874 1208 918 non
1225 850 1266 918 etl

282 969 526 1063 deponendam,
559 965 613 1032 sed
643 965 681 1031 ad
712 963 958 1031 confirmandam
982 964 1156 1033 audaciam.
1205 965 1267 1032 cu-

282 1089 410 1180 piebam
446 1084 566 1151 scilieet
600 1101 651 1146 me
686 1101 751 1146 esse
786 1079 992 1148 elementem:
1030 1079 1198 1169 cupiebam
1231 1081 1265 1146 in

284 1201 380 1268 tantis
403 1201 449 1268 rei
471 1194 619 1290 publieee
643 1191 793 1282 perieulis
815 1215 866 1258 me
882 1215 945 1258 non
958 1191 1142 1260 dissolutum
1156 1194 1265 1260 rideri.

287 1321 343 1383 tt.
369 1312 432 1382 Sed
462 1309 590 1380 tandem
624 1329 675 1374 me
705 1309 771 1398 ipse
794 1308 924 1374 inertiae
947 1309 1171 1400 nequitiaeque
1194 1331 1268 1374 oon·

285 1425 442 1495 demnavi.
489 1423 596 1491 Castra
618 1435 708 1488 erem
724 1421 862 1488 inltalia
885 1435 993 1488 eontra
1013 1445 1080 1490 rem
1104 1423 1266 1512 publicam

284 1545 318 1609 in
342 1542 487 1610 Etruriae
509 1537 654 1606 faucibus
677 1535 851 1604 collocata:
877 1537 1037 1603 erescebat
1060 1539 1091 1603 in
1115 1537 1181 1604 dies
1204 1539 1268 1604 sin·

287 1653 377 1746 gulos
408 1653 547 1722 bostium
574 1669 743 1721 numerus:
778 1671 886 1716 eorum
918 1664 1023 1717 antem
1046 1653 1269 1742 imperatorem

286 1783 461 1836 castrorum
484 1767 663 1857 ducemque
689 1765 829 1831 bostium
853 1765 1175 1855 intremoeuiaatqoe
1191 1764 1269 1832 adeo

288 1884 322 1950 in
345 1895 453 1950 senatu
476 1881 659 1949 videbamus
683 1880 863 1947 intestinam
887 1879 1024 1971 aliquem
1041 1881 1183 1972 quotidie
1197 1905 1272 1972 per·

291 1996 409 2063 nioiem
438 1993 484 2060 rei
517 1995 666 2085 publicae
705 1995 902 2062 molientem.
949 1995 1047 2085 Ilgo²
1072 2009 1177 2062 eutem
1216 1994 1272 2061 hes

291 2120 395 2200 partes
418 2107 556 2174 lenitatis
578 2122 611 2176 et
632 2111 886 2191 misericordiae,
910 2132 986 2201 ques
1009 2133 1059 2176 me
1083 2110 1274 2200 netureipse

292 2224 426 2304 docuit,
451 2245 573 2314 semper
595 2224 645 2313 epi
667 2225 824 2292 libenter:
847 2226 933 2292 illam
956 2248 1029 2292 reno
1051 2227 1272 2316 gravitatisse·

291 2339 493 2428 veritatisque
515 2361 679 2428 personam
703 2363 766 2407 non
789 2341 943 2431 appetiti,
968 2342 1020 2408 red
1044 2342 1084 2408 ab
1097 2365 1130 2407 re
1143 2341 1272 2431 publiea

289 2452 369 2520 mibi
392 2453 572 2543 impositam
595 2454 749 2537 sustinui,
775 2455 855 2522 sient
878 2453 972 2521 buius
995 2455 1121 2546 imperii
1138 2455 1274 2544 dignitas

292 2567 326 2632 in
349 2587 471 2634 summo
494 2566 637 2656 periculo
660 2567 779 2635 oinium
802 2569 996 2659 postolabat:
1022 2585 1053 2636 et
1071 2584 1151 2654 tum,
1176 2591 1274 2659 quum

292 2703 341 2748 res
364 2679 491 2770 publiea
514 2681 580 2746 rim
602 2693 636 2747 et
666 2683 863 2750 sereritntem
886 2683 1107 2765 desiderabat,
1131 2683 1193 2750 rici
1216 2707 1276 2749 na·

295 2807 421 2874 turam,
455 2805 487 2860 et
521 2805 585 2862 tam
620 2795 786 2864 vehemens
814 2798 877 2878 tui,
908 2822 1003 2890 quam
1035 2798 1179 2890 cogebar,
1214 2821 1278 2865 non

294 2931 389 2998 quam
426 2906 583 2976 solebam.
631 2913 684 2977 52.
715 2911 831 3003 Erqo⁸
859 2913 943 2995 hoo,
974 2912 1059 3003 quod
1089 2911 1278 3003 iampridem

295 3022 415 3088 loetum
438 3045 503 3090 esse
526 3036 732 3113 oportuerat,
766 3039 852 3094 certe
874 3027 914 3094 de
944 3049 1036 3093 neusa
1058 3026 1199 3094 nondum
1222 3024 1278 3090 ad·

297 3134 460 3218 ducebar,
495 3148 532 3204 ut
565 3137 710 3207 facerem.
757 3140 916 3208 Etenim*
943 3141 1088 3208 nonnulli
1123 3153 1212 3208 erant
1245 3140 1279 3205 in

297 3261 423 3331 senatu,
448 3250 504 3340 qui
526 3263 581 3319 aut
602 3275 655 3337 ee,
683 3277 764 3344 quae
788 3255 1006 3340 imminebant,
1033 3277 1095 3322 non
1119 3253 1279 3334 riderent,

300 3377 355 3432 aut
377 3387 431 3446 ea,
457 3387 537 3456 quae
559 3367 724 3451 ridebant,
749 3367 1000 3436 dissimularent:
1026 3372 1082 3460 qui
1104 3391 1192 3460 spem
1217 3366 1281 3435 Ga·

300 3478 408 3546 tilinee
432 3480 579 3548 mollibus
602 3483 762 3550 sententiis
785 3482 947 3562 aluerunt,
970 3485 1283 3574 coniurationemque
1312 3473 1318 3484 ’

302 3605 481 3662 nascentem
514 3619 578 3664 non
610 3597 768 3665 eredendo
801 3597 1105 3665 corroboraverunte
1147 3621 1283 3688 qnorum

304 3711 523 3778 anctoritatem
556 3713 657 3780 aeenti
686 3711 803 3794 multi,
834 3735 896 3778 non
921 3711 1020 3778 solurn
1045 3713 1206 3803 improbi,
1231 3735 1284 3780 re-

304 3875 432 3895 “aa

339 3970 1287 4045 ΙΗΜ.ο.Ἆ.Μ.-·ημοΙυωιο.3.ᾑὸ.-3)ἰι6αιίϋι.1.

187 4039 195 4058 “
305 4063 797 4134 ente-nnuetasao.
