2772 4902
744 325 803 384 118

282 511 338 576 ubi
370 521 471 576 essent
499 515 587 580 θεῶν
622 511 744 597 ἀγρίων
781 521 888 589 antra,
919 506 1004 575 dicto
1031 531 1049 573 a
1072 509 1205 575 Tremili
1234 523 1268 574 ct

281 624 461 691 Praxidicae
481 624 547 690 lilio
573 625 594 700 ¹,
621 624 746 690 tandem
775 623 815 690 de
837 622 1019 710 lyraats‘a,
1048 623 1212 714 peninsula
1235 635 1272 690 et
1372 613 1373 630 ¹

275 738 412 829 oppido.
461 737 531 804 Non
563 735 701 804 indicato
732 737 814 802 libro
841 734 1019 827 Stephanus
1047 735 1270 824 e‘Lyes'acs's

282 851 449 920 Alexandri
477 864 699 918 commemorat
734 852 860 918 Glauci
885 853 1033 930 demum,
1061 850 1100 917 de
1131 852 1271 919 Glauco

280 966 375 1034 laero'e'
398 979 613 1057 nuncupatum
637 965 670 1048 ²,
704 969 895 1044 Melaenae,
919 966 1075 1033 Paestum
1100 978 1131 1032 et
1158 965 1270 1032 Anti·
1373 1033 1374 1050 1

277 1083 425 1171 phellam
451 1081 473 1160 ³,
487 1103 567 1170 quae
585 1080 700 1171 oppida
718 1081 771 1146 alii
792 1083 970 1148 referebant
987 1081 1026 1147 ad
1043 1081 1269 1170 Pamphyliam

279 1219 476 1285 quorumque
496 1196 627 1278 incolas,
647 1208 682 1262 ut
705 1196 819 1262 iterum
843 1195 957 1262 diserte
981 1197 1110 1278 dicitur,
1131 1196 1271 1260 Alexan·

279 1311 379 1376 deret
397 1309 620 1398 Polycharmus
638 1309 811 1376 Phellitas
830 1324 862 1377 et
883 1309 1133 1400 Ants'phells'taa
1153 1307 1271 1398 appel·

278 1423 402 1500 larunt;
436 1435 659 1491 commemorat
692 1425 785 1490 etiam
815 1423 959 1504 Sebeda,
988 1437 1114 1514 portum
1138 1423 1271 1512 Lyciae.

280 1535 389 1626 Neque
403 1537 519 1603 insulae
533 1539 564 1604 iu
577 1538 676 1627 Lycio
689 1541 768 1605 mari
781 1540 862 1606 sitae.
876 1541 1004 1606 omissae
1017 1539 1117 1619 fuere,
1132 1559 1274 1628 quarum

279 1649 462 1731 Macram,
495 1651 681 1739 Mepa'stam
712 1665 743 1718 et
774 1651 1026 1732 Doliclas'stam
1055 1673 1137 1741 quae
1167 1651 1270 1719 Galli·
1375 1719 1376 1740 p

278 1764 391 1830 macho
410 1766 494 1832 dicta
521 1780 567 1833 est
590 1767 721 1834 Doliche
749 1767 780 1848 ⁴,
808 1782 992 1834 memoratas
1016 1767 1130 1833 rideas.
1156 1765 1271 1857 Atque

279 1877 355 1946 hine
386 1882 522 1948 maxime
541 1882 719 1972 explicatur
742 1885 912 1970 Hsplnlav
951 1882 1114 1972 inscriptio
1140 1879 1170 1946 ⁵.
1204 1882 1272 1947 llo·

279 2017 349 2061 rum
377 2009 481 2061 autern
507 1995 649 2062 locorum
674 1999 815 2064 omniurn
839 2019 936 2086 quum
960 1997 1141 2062 brevissima
1164 2009 1269 2064 exstet

278 2109 362 2200 apud
390 2110 584 2199 Stephanum
609 2115 783 2194 memoria,
810 2111 893 2178 idem
919 2111 958 2179 de
978 2111 1146 2178 Daedalis
1170 2132 1270 2199 agens

279 2245 402 2292 causam
427 2227 522 2290 etiam
548 2249 583 2292 er
607 2226 785 2293 Alexandro
813 2212 925 2312 addit,¹
944 2249 1000 2292 cur
1024 2227 1064 2292 de
1085 2226 1167 2293 lcari
1199 2225 1271 2291 lilio

280 2339 356 2404 urbs
377 2339 528 2429 appellata
553 2341 657 2406 luerit.
703 2341 1003 2407 Praestantissimum
1033 2363 1105 2407 sero
1129 2352 1174 2406 est
1199 2341 1269 2405 lra-

281 2466 452 2542 gmentum,
474 2477 536 2542 quo
552 2453 761 2520 Patarorum
778 2455 955 2544 explicatur
975 2455 1063 2543 origo
1080 2476 1116 2519 ac
1137 2475 1268 2534 nornen,

283 2566 366 2656 quod
401 2567 573 2634 secundum
598 2568 810 2635 Alexandrum
839 2593 900 2634 nnn
932 2567 1111 2634 ducendum
1147 2581 1193 2634 est
1227 2567 1269 2634 ab

281 2681 437 2771 Apollinis
461 2681 527 2747 lilio
552 2683 679 2763 Patare,
704 2684 756 2752 sed
780 2707 797 2748 a
819 2693 952 2772 πατάρᾳ
971 2685 994 2747 i.
1019 2705 1046 2749 e.
1071 2689 1177 2771 κίστῃ,
1205 2703 1270 2772 qua

281 2795 403 2863 Salacia
428 2799 513 2885 uirgo
537 2819 571 2864 er
596 2796 775 2888 Ophionide
802 2821 886 2865 sacra
910 2799 1051 2865 attulerit
1074 2799 1217 2888 Apollini
1243 2799 1268 2867 ⁰.

198 3053 201 3062 Ι
317 2987 343 3054 1)
361 2986 459 3036 Pertinet
475 2986 521 3036 hue
537 2987 601 3036 locus
619 2987 695 3052 Staph.
714 3007 740 3038 s.
756 2988 842 3046 Τλῶς.
872 2988 905 3038 Gi.
923 3005 988 3051 parra
1000 2989 1126 3038 lleinakioa
1139 2989 1269 3040 Eseret'lt.

281 3080 387 3144 land-p.
405 3079 447 3131 5³.

318 3172 341 3240 ἱ)
359 3173 467 3223 atatim:
487 3171 501 3220 tl
521 3173 644 3244 δημότης
663 3175 690 3226 Γ
689 3176 883 3244 invenerimus.
898 3175 1004 3239 Porhiger
1020 3173 1038 3226 l.
1048 3175 1064 3223 l.
1077 3193 1098 3238 p.
1110 3173 1162 3225 25³
1172 3171 1198 3224 Γ
1197 3172 1268 3224 lual-

284 3286 333 3322 κου
353 3268 440 3330 δῆμος
458 3269 589 3319 Gemanica
606 3271 765 3333 interpretator
786 3271 846 3320 l'alls
863 3270 906 3320 das
923 3267 1047 3318 Glauces!

319 3361 341 3428 ³)
358 3380 381 3412 s.
403 3361 518 3422 Φελλός.
555 3364 606 3412 tton
622 3365 714 3414 laudato
740 3365 888 3428 Polybium,
914 3365 992 3412 earlem
1010 3362 1136 3426 Stephanus
1158 3363 1224 3412 (locet
1242 3379 1268 3412 v.

284 3455 475 3518 Ἀντίφελλος.
503 3456 538 3504 Gi.
558 3455 665 3522 Porlsiper
681 3476 703 3520 p.
722 3455 835 3520 255011„
853 3453 912 3506 258.

320 3549 344 3616 l)
362 3553 404 3617 ap.
420 3551 479 3602 Plin.
496 3567 604 3616 quaque,
629 3549 665 3599 eui
689 3552 731 3599 luit
752 3551 776 3598 in
793 3551 870 3598 multis
888 3550 1016 3598 Alexander
1038 3549 1099 3612 dux,
1128 3549 1268 3599 Dolichiste

288 3641 370 3695 tlattu
386 3647 413 3698 t.
430 3645 471 3698 35.

320 3739 347 3806 ὅ)
365 3737 402 3788 Sic
418 3737 521 3790 inscribit
538 3739 751 3789 commentationis
768 3739 835 3803 Lycia
847 3737 975 3800 Stephanus
994 3755 1014 3789 s.
1034 3738 1150 3804 Δολιχὴ,
1162 3736 1265 3804 Μάκρα
1367 3787 1371 3796 .

288 3844 311 3884 ct
329 3831 464 3896 Σίβεδα,
483 3851 529 3898 quo
547 3844 622 3883 tamen
639 3835 690 3882 loco
708 3833 839 3896 simpliciter
856 3834 885 3883 ἓν
905 3831 1037 3902 Περίπλῳ
1055 3833 1169 3883 landatur.
1204 3833 1268 3882 naua

288 3923 354 3976 chius
370 3945 392 3990 p.
412 3925 443 3976 17
461 3937 483 3976 et
501 3925 533 3977 27
552 3947 565 3976 ι
584 3926 717 3996 Περίπλῳ
736 3927 844 3985 Λυκίας
863 3925 980 3993 distinguit
996 3927 1132 3979 Λυκιακὰ.
1159 3927 1213 3976 llihi
1226 3925 1267 3974 illa

286 4039 393 4090 gunnas
409 4041 458 4074 esse
474 4023 548 4088 operis
565 4025 680 4087 inscriptio
697 4023 794 4073 ridetur.

323 4116 349 4185 ⁰)
367 4119 385 4170 l
403 4118 515 4181 Stephana
533 4117 666 4181 deprompsit
689 4116 788 4164 lahularn
811 4117 939 4166 Eustathius
963 4117 990 4166 ad
1008 4119 1100 4182 Dionys.
1121 4113 1177 4166 129.
1204 4111 1266 4177 lputl
