2772 4902
739 331 782 396 66

273 531 382 590 rantur
402 522 426 588 ¹.
473 521 627 607 Εὐφημία
648 521 775 585 omnino
799 519 1009 608 maximopere
1038 519 1069 584 in
1092 517 1182 582 iestis
1203 517 1267 584 ob·

273 633 474 714 morabatur,
511 631 594 700 unde
623 631 700 698 baeo
731 633 834 722 prima
856 631 902 698 lex
935 632 965 696 in
997 631 1143 696 omnibus
1162 630 1268 698 rebus

273 748 367 814 saeris
395 770 411 811 a
443 745 572 812 Platone
598 745 716 814 dieitur
739 739 771 824 ²,
797 759 829 814 et
869 748 899 811 in
929 746 1100 812 Demetriis
1133 757 1264 811 tanturn

279 858 504 950 αἰσχρολογεῖν
535 860 650 926 licebat
674 852 702 924 ³.
751 862 851 946 Quam
885 872 989 926 sancte
1030 873 1136 924 autern
1165 857 1269 947 louge

273 975 369 1041 otiam
401 973 625 1064 posterioribus
651 975 843 1064 temporibus
873 972 954 1038 hano
988 972 1175 1061 religionem
1201 995 1268 1038 sea·

272 1089 410 1154 raserint
442 1086 646 1154 Athenienses
680 1111 717 1154 ar
747 1101 851 1154 retere
876 1086 1003 1154 fortune
1031 1085 1116 1152 nihil
1135 1099 1267 1174 praeter

272 1203 393 1268 animos
419 1213 595 1284 servantes,
621 1201 716 1268 donet
737 1201 873 1268 narratio
896 1199 980 1268 Livii
1003 1199 1116 1268 xxxt.
1144 1203 1201 1264 lh.

316 1315 431 1402 llagno
451 1317 546 1403 igitur
569 1339 697 1406 qnoque
716 1314 902 1407 splendore,
927 1337 1048 1382 summa
1068 1313 1265 1380 munitionu-

275 1431 338 1512 tia‚
365 1441 399 1495 ut
432 1431 505 1494 satis
531 1444 661 1512 uotum,
688 1431 765 1496 lesta
794 1429 986 1519 agebantur,
1010 1429 1146 1494 maxime
1175 1425 1267 1516 apud

276 1543 504 1626 Athenienses,
531 1547 671 1612 omnium
691 1545 883 1612 Graecorum
900 1545 990 1612 lnoila
1006 1544 1268 1634 religiosissimos.

274 1656 377 1724 Testis
401 1660 440 1723 sit
464 1657 729 1728 luculentissimus
756 1659 892 1726 Platonis
914 1659 1021 1740 loeus,
1051 1657 1106 1724 ubi
1129 1656 1270 1722 Atheni·

275 1793 363 1838 enses
383 1769 493 1840 Jorem
519 1772 705 1839 Ammonem
723 1786 855 1863 rogant,
881 1795 936 1840 erar
956 1793 1078 1861 semper
1103 1771 1133 1836 in
1154 1793 1266 1860 pugna

276 1885 531 1952 Lacedaemoniis
557 1887 619 1952 sint
643 1888 822 1965 inferiores,
848 1909 945 1976 quum
977 1899 1080 1952 tamon
1103 1885 1266 1962 πλείστας

275 2005 335 2084 μὲν
366 2005 487 2078 bonine
518 2007 573 2069 real
604 2003 782 2080 καλλίστας
814 2010 881 2071 τῶν
909 2001 1080 2086 Ἑλλήνων
1113 2003 1264 2084 ἄγομεν,

274 2119 466 2200 ἀναθήμασί
489 2144 523 2183 τε
546 2126 787 2202 κεκοομήεαμεν
809 2121 849 2183 τὰ
867 2119 935 2200 ἱερὰ
951 2116 1085 2194 adreio,
1103 2119 1147 2191 ὥς
1167 2113 1267 2180 oddr'·

276 2253 329 2305 οες
347 2228 455 2294 ἄλλοι·
477 2238 610 2315 πομπάς
632 2258 666 2297 τε
686 2230 966 2306 πολυτελεστάτας
988 2229 1042 2294 sul
1059 2234 1265 2312 σεμνοτάτας

276 2341 483 2425 ε’δωροελμεθα
496 2351 565 2419 τοῖς
579 2353 669 2419 θεοῖς
688 2343 739 2412 dr’
751 2343 893 2417 ἕκαστον
910 2345 999 2422 ἔτος,
1016 2346 1072 2409 aral
1090 2339 1265 2425 trstoopss

276 2465 421 2543 χρήματα
448 2459 522 2524 ὅσα
546 2459 628 2526 οὐδ’
652 2464 688 2526 οἱ
707 2453 826 2524 ἄλλοι
853 2461 1092 2544 ξύμπαντες
1110 2451 1261 2540 Ἕλλη·

276 2595 343 2644 νες
371 2561 395 2647 ⁴,
421 2583 452 2632 et
469 2569 673 2650 Plutarchus,
695 2572 748 2636 uhi
772 2584 877 2636 narrat
898 2569 1102 2638 Athenienses
1118 2568 1211 2657 plura
1232 2569 1265 2632 in

276 2680 422 2758 llaoohas,
431 2683 620 2758 Phoenissae,
634 2683 810 2772 Oedipodas
823 2685 1011 2775 impendisse
1024 2707 1119 2774 quam
1132 2684 1164 2749 in
1178 2685 1262 2750 bella

276 2795 419 2860 adsersus
429 2793 535 2860 Persas
545 2810 575 2861 et
588 2794 730 2886 Spartam
745 2791 771 2864 ⁵.
798 2799 880 2864 llino
892 2801 986 2868 etiam
1000 2801 1117 2865 laetum
1131 2809 1167 2864 ut
1178 2819 1264 2862 sum·

277 2923 325 2974 tus
340 2911 370 2973 in
394 2910 469 2975 leste
493 2913 585 2976 rarils
599 2913 779 2978 nominibus
797 2913 927 3002 impenai
950 2913 1033 2980 baud
1051 2911 1201 2978 ultimum
1229 2913 1261 2976 in

277 3023 504 3112 multiplicibus
527 3025 761 3092 Atheniensium
781 3029 1000 3116 λειτουργίαις
1028 3027 1191 3093 obtineant
1213 3025 1262 3090 lo-

276 3159 360 3216 oum,
375 3151 409 3202 ut
427 3139 474 3203 rel
489 3162 524 3204 es·
538 3163 600 3205 uno
610 3139 718 3228 Lysiae
731 3141 799 3205 looo
812 3140 882 3208 adr.
896 3141 1013 3230 Diogit.
1027 3165 1060 3230 p.
1072 3143 1138 3208 906
1151 3139 1260 3208 Reios.

276 3319 427 3328 -—-.-

311 3437 332 3502 ¹l
349 3437 436 3486 taam.
451 3439 520 3489 llll·
543 3437 588 3487 33.
607 3441 644 3488 Cl.
666 3441 739 3490 ttant
758 3443 857 3493 tuost.
880 3443 901 3494 l.
922 3443 946 3494 2.
964 3442 999 3492 5³
1014 3459 1069 3506 sqq·

311 3529 332 3592 λ)
352 3531 468 3595 lielepp.
490 3533 540 3580 Vll.
559 3551 580 3594 p.
598 3530 648 3580 802
668 3537 699 3581 A.
716 3535 749 3582 ct.
766 3532 815 3584 821
837 3537 862 3588 l).

311 3621 334 3682 ³)
360 3623 423 3672 Diod.
440 3625 485 3676 stc.
500 3627 526 3674 l.
548 3628 571 3674 l.
595 3627 628 3675 Gi.
649 3628 810 3691 jamjurarrduar
830 3633 968 3699 pspmpa‘n
992 3631 1051 3692 apud
1076 3627 1189 3678 Demoath.
1206 3626 1260 3674 adv.

282 3716 358 3766 ilonea.
375 3735 397 3779 p.
414 3715 499 3776 1371,
527 3718 561 3767 20
576 3731 599 3768 at
613 3721 694 3770 Pollux
717 3724 735 3770 Ι.
756 3720 797 3772 32.
827 3724 860 3772 lla
876 3725 958 3786 pietate
976 3723 1001 3770 in
1024 3723 1078 3785 isat·
1094 3722 1191 3771 ludiaet
1211 3735 1262 3766 oer-

279 3809 398 3857 tamins'bus
415 3813 444 3860 ol.
461 3811 547 3860 sarriens
564 3813 592 3861 A.
609 3813 639 3862 da
653 3813 739 3878 longb,
759 3815 848 3865 Piarlrr.
872 3834 893 3878 p.
917 3813 952 3864 68
965 3833 1001 3878 sq.

311 3901 334 3962 ο)
353 3903 426 3952 area.
446 3904 478 3949 ιι.
501 3902 539 3952 ru.

312 3993 335 4054 ⁵)
355 3995 386 4042 tta
402 3995 473 4058 pluria
497 3995 576 4044 Athen.
601 3996 616 4044 ὅ
649 4000 688 4046 Cb.
713 4001 824 4050 llrarnatb.
846 4003 941 4064 Philipp.
963 4004 983 4050 l.
1006 4021 1027 4064 p.
1051 4002 1099 4062 50,
1116 4001 1143 4052 53
1161 4000 1255 4049 Aristot.

277 4086 362 4134 Oecon.
384 4087 418 4134 ll.
442 4105 461 4147 p.
479 4086 553 4146 litt,
572 4087 604 4134 ‘25
628 4090 695 4139 ttotk.
