<?xml version="1.0" encoding="UTF-8"?>
<!DOCTYPE html PUBLIC "-//W3C//DTD XHTML 1.0 Transitional//EN"
    "http://www.w3.org/TR/xhtml1/DTD/xhtml1-transitional.dtd">
<html xmlns="http://www.w3.org/1999/xhtml" xml:lang="en" lang="en">
 <head>
  <title>
</title>
<meta http-equiv="Content-Type" content="text/html;charset=utf-8" />
  <meta name='ocr-system' content='tesseract 3.04.00' />
  <meta name='ocr-capabilities' content='ocr_page ocr_carea ocr_par ocr_line ocrx_word'/>
</head>
<body>
  <div class='ocr_page' id='page_1' title='image "./miscellaneaphil00paedgoog_0439.png"; bbox 0 0 2940 4920; ppageno 0'>
   <div class='ocr_carea' id='block_1_1' title="bbox 710 353 774 416">
    <p class='ocr_par' dir='ltr' id='par_1_1' title="bbox 710 353 774 416">
     <span class='ocr_line' id='line_1_1' title="bbox 710 353 774 416; baseline -0.031 0"><span class='ocrx_word' id='word_1_1' title='bbox 710 353 774 416; x_wconf 72' lang='lat'><strong>1⁴8</strong></span> 
     </span>
    </p>
   </div>
   <div class='ocr_carea' id='block_1_2' title="bbox 253 531 1247 1651">
    <p class='ocr_par' dir='ltr' id='par_1_2' title="bbox 253 531 1241 943">
     <span class='ocr_line' id='line_1_2' title="bbox 254 531 1239 617; baseline 0.004 -17"><span class='ocrx_word' id='word_1_2' title='bbox 254 531 305 602; x_wconf 84' lang='lat' dir='ltr'><strong>val</strong></span> <span class='ocrx_word' id='word_1_3' title='bbox 329 533 422 604; x_wconf 84' lang='lat' dir='ltr'><strong>nullo</strong></span> <span class='ocrx_word' id='word_1_4' title='bbox 447 551 521 602; x_wconf 82' lang='lat' dir='ltr'><strong>voto</strong></span> <span class='ocrx_word' id='word_1_5' title='bbox 548 535 647 617; x_wconf 87' lang='lat' dir='ltr'><strong>sacto,</strong></span> <span class='ocrx_word' id='word_1_6' title='bbox 671 538 842 604; x_wconf 83' lang='lat' dir='ltr'><strong>invenusta</strong></span> <span class='ocrx_word' id='word_1_7' title='bbox 862 537 1004 602; x_wconf 87' lang='lat' dir='ltr'><strong>carmina</strong></span> <span class='ocrx_word' id='word_1_8' title='bbox 1023 537 1174 604; x_wconf 87' lang='lat' dir='ltr'><strong>amatoria</strong></span> <span class='ocrx_word' id='word_1_9' title='bbox 1200 541 1239 604; x_wconf 80' lang='lat' dir='ltr'><strong>iri</strong></span> 
     </span>
     <span class='ocr_line' id='line_1_3' title="bbox 253 648 1241 740; baseline 0.005 -28"><span class='ocrx_word' id='word_1_10' title='bbox 253 648 1241 740; x_wconf 79' lang='lat' dir='ltr'><strong>ignemconjicerenturiQuodsihaecestlocisententia,quam</strong></span> 
     </span>
     <span class='ocr_line' id='line_1_4' title="bbox 253 764 1239 856; baseline 0.002 -30"><span class='ocrx_word' id='word_1_11' title='bbox 253 765 417 830; x_wconf 87' lang='lat' dir='ltr'><strong>notionem</strong></span> <span class='ocrx_word' id='word_1_12' title='bbox 431 765 530 830; x_wconf 84' lang='lat' dir='ltr'><strong>inesse</strong></span> <span class='ocrx_word' id='word_1_13' title='bbox 538 781 688 854; x_wconf 77' lang='lat' dir='ltr'><strong>putemus</strong></span> <span class='ocrx_word' id='word_1_14' title='bbox 702 766 737 830; x_wconf 91' lang='lat' dir='ltr'><strong>in</strong></span> <span class='ocrx_word' id='word_1_15' title='bbox 750 787 827 832; x_wconf 78' lang='lat' dir='ltr'><strong>voce</strong></span> <span class='ocrx_word' id='word_1_16' title='bbox 835 765 1033 846; x_wconf 68' lang='lat' dir='ltr'><strong>electissima,</strong></span> <span class='ocrx_word' id='word_1_17' title='bbox 1045 764 1126 856; x_wconf 80' lang='lat' dir='ltr'><strong>qnid</strong></span> <span class='ocrx_word' id='word_1_18' title='bbox 1135 767 1239 856; x_wconf 84' lang='lat' dir='ltr'><strong>signi-</strong></span> 
     </span>
     <span class='ocr_line' id='line_1_5' title="bbox 254 873 743 943; baseline 0.006 -3"><span class='ocrx_word' id='word_1_19' title='bbox 254 873 348 942; x_wconf 86' lang='lat' dir='ltr'><strong>ficare</strong></span> <span class='ocrx_word' id='word_1_20' title='bbox 366 875 509 942; x_wconf 87' lang='lat' dir='ltr'><strong>dicamus</strong></span> <span class='ocrx_word' id='word_1_21' title='bbox 527 900 573 942; x_wconf 84' lang='lat' dir='ltr'><strong>vs.</strong></span> <span class='ocrx_word' id='word_1_22' title='bbox 592 876 612 941; x_wconf 88' lang='grc'>9</span> <span class='ocrx_word' id='word_1_23' title='bbox 629 893 662 943; x_wconf 86' lang='lat' dir='ltr'><strong>ct</strong></span> <span class='ocrx_word' id='word_1_24' title='bbox 676 875 743 943; x_wconf 74' lang='lat'><strong>10?</strong></span> 
     </span>
    </p>

    <p class='ocr_par' dir='ltr' id='par_1_3' title="bbox 432 991 1026 1086">
     <span class='ocr_line' id='line_1_6' title="bbox 432 991 1026 1086; baseline 0.003 -30"><span class='ocrx_word' id='word_1_25' title='bbox 432 992 476 1056; x_wconf 81' lang='lat' dir='ltr'><strong>Et</strong></span> <span class='ocrx_word' id='word_1_26' title='bbox 498 991 576 1056; x_wconf 77' lang='lat' dir='ltr'><strong>naec</strong></span> <span class='ocrx_word' id='word_1_27' title='bbox 593 1001 735 1080; x_wconf 81' lang='lat' dir='ltr'><strong>pessima</strong></span> <span class='ocrx_word' id='word_1_28' title='bbox 755 1016 791 1058; x_wconf 85' lang='lat' dir='ltr'><strong>se</strong></span> <span class='ocrx_word' id='word_1_29' title='bbox 809 991 1026 1086; x_wconf 62' lang='lat' dir='ltr'><strong>puellavr&#39;da&#39;t</strong></span> 
     </span>
    </p>

    <p class='ocr_par' dir='ltr' id='par_1_4' title="bbox 253 1104 1247 1651">
     <span class='ocr_line' id='line_1_7' title="bbox 430 1104 990 1200; baseline 0.004 -30"><span class='ocrx_word' id='word_1_30' title='bbox 430 1105 545 1170; x_wconf 80' lang='lat' dir='ltr'><strong>locere</strong></span> <span class='ocrx_word' id='word_1_31' title='bbox 567 1117 600 1200; x_wconf 78' lang='lat' dir='ltr'><strong>et</strong></span> <span class='ocrx_word' id='word_1_32' title='bbox 621 1104 726 1194; x_wconf 74' lang='lat' dir='ltr'><strong>lepide</strong></span> <span class='ocrx_word' id='word_1_33' title='bbox 748 1127 866 1172; x_wconf 77' lang='lat' dir='ltr'><strong>vovere</strong></span> <span class='ocrx_word' id='word_1_34' title='bbox 887 1107 990 1172; x_wconf 78' lang='lat' dir='ltr'><strong>Divis.</strong></span> 
     </span>
     <span class='ocr_line' id='line_1_8' title="bbox 254 1215 1242 1308; baseline 0.002 -26"><span class='ocrx_word' id='word_1_35' title='bbox 254 1217 368 1306; x_wconf 82' lang='lat' dir='ltr'>Inepta</span> <span class='ocrx_word' id='word_1_36' title='bbox 392 1219 517 1300; x_wconf 88' lang='lat' dir='ltr'><strong>omnia,</strong></span> <span class='ocrx_word' id='word_1_37' title='bbox 539 1219 660 1286; x_wconf 88' lang='lat' dir='ltr'><strong>etiamsi</strong></span> <span class='ocrx_word' id='word_1_38' title='bbox 682 1217 854 1301; x_wconf 72' lang='lat' dir='ltr'><strong>concedas,</strong></span> <span class='ocrx_word' id='word_1_39' title='bbox 876 1215 1020 1308; x_wconf 81' lang='lat' dir='ltr'><strong>puellam</strong></span> <span class='ocrx_word' id='word_1_40' title='bbox 1040 1215 1160 1284; x_wconf 83' lang='lat' dir='ltr'><strong>blande</strong></span> <span class='ocrx_word' id='word_1_41' title='bbox 1181 1216 1242 1284; x_wconf 86' lang='lat' dir='ltr'><strong>hic</strong></span> 
     </span>
     <span class='ocr_line' id='line_1_9' title="bbox 253 1329 1247 1424; baseline 0 -28"><span class='ocrx_word' id='word_1_42' title='bbox 253 1329 317 1398; x_wconf 88' lang='lat' dir='ltr'><strong>dici</strong></span> <span class='ocrx_word' id='word_1_43' title='bbox 328 1339 517 1420; x_wconf 80' lang='lat' dir='ltr'><strong>pessimam,</strong></span> <span class='ocrx_word' id='word_1_44' title='bbox 537 1357 604 1424; x_wconf 90' lang='lat' dir='ltr'><strong>quo</strong></span> <span class='ocrx_word' id='word_1_45' title='bbox 619 1331 719 1402; x_wconf 80' lang='lat' dir='ltr'><strong>verbo</strong></span> <span class='ocrx_word' id='word_1_46' title='bbox 735 1331 883 1400; x_wconf 82' lang='lat' dir='ltr'>Catullus</span> <span class='ocrx_word' id='word_1_47' title='bbox 896 1355 1069 1423; x_wconf 87' lang='lat' dir='ltr'><strong>nunquam</strong></span> <span class='ocrx_word' id='word_1_48' title='bbox 1080 1355 1148 1398; x_wconf 88' lang='lat' dir='ltr'><strong>non</strong></span> <span class='ocrx_word' id='word_1_49' title='bbox 1160 1354 1247 1418; x_wconf 16' lang='lat' dir='ltr'><strong>cum*</strong></span> 
     </span>
     <span class='ocr_line' id='line_1_10' title="bbox 254 1442 1242 1514; baseline 0.004 -6"><span class='ocrx_word' id='word_1_50' title='bbox 254 1442 448 1512; x_wconf 86' lang='lat' dir='ltr'><strong>contumelia</strong></span> <span class='ocrx_word' id='word_1_51' title='bbox 465 1445 578 1510; x_wconf 89' lang='lat' dir='ltr'><strong>utitur.</strong></span> <span class='ocrx_word' id='word_1_52' title='bbox 604 1444 707 1512; x_wconf 88' lang='lat' dir='ltr'><strong>Nobis</strong></span> <span class='ocrx_word' id='word_1_53' title='bbox 723 1447 873 1512; x_wconf 83' lang='lat' dir='ltr'><strong>carminis</strong></span> <span class='ocrx_word' id='word_1_54' title='bbox 884 1447 1040 1514; x_wconf 85' lang='lat' dir='ltr'><strong>sententia</strong></span> <span class='ocrx_word' id='word_1_55' title='bbox 1052 1444 1119 1512; x_wconf 86' lang='lat' dir='ltr'><strong>huo</strong></span> <span class='ocrx_word' id='word_1_56' title='bbox 1133 1444 1242 1512; x_wconf 76' lang='lat' dir='ltr'><strong>rodim</strong></span> 
     </span>
     <span class='ocr_line' id='line_1_11' title="bbox 254 1554 1240 1651; baseline 0.005 -32"><span class='ocrx_word' id='word_1_57' title='bbox 254 1554 396 1624; x_wconf 86' lang='lat' dir='ltr'><strong>videtur:</strong></span> <span class='ocrx_word' id='word_1_58' title='bbox 417 1555 526 1647; x_wconf 85' lang='lat' dir='ltr'><strong>puella</strong></span> <span class='ocrx_word' id='word_1_59' title='bbox 541 1560 621 1624; x_wconf 90' lang='lat' dir='ltr'><strong>irata</strong></span> <span class='ocrx_word' id='word_1_60' title='bbox 635 1560 739 1640; x_wconf 77' lang='lat' dir='ltr'><strong>vovit,</strong></span> <span class='ocrx_word' id='word_1_61' title='bbox 756 1582 789 1626; x_wconf 89' lang='lat' dir='ltr'><strong>se</strong></span> <span class='ocrx_word' id='word_1_62' title='bbox 804 1567 869 1624; x_wconf 70' lang='lat' dir='ltr'><strong>nisi</strong></span> <span class='ocrx_word' id='word_1_63' title='bbox 882 1583 959 1626; x_wconf 87' lang='lat' dir='ltr'><strong>cum</strong></span> <span class='ocrx_word' id='word_1_64' title='bbox 971 1557 1100 1624; x_wconf 88' lang='lat' dir='ltr'><strong>Catullo</strong></span> <span class='ocrx_word' id='word_1_65' title='bbox 1115 1560 1150 1624; x_wconf 89' lang='lat' dir='ltr'><strong>in</strong></span> <span class='ocrx_word' id='word_1_66' title='bbox 1163 1583 1240 1651; x_wconf 83' lang='lat' dir='ltr'><strong>gra-</strong></span> 
     </span>
    </p>
   </div>
   <div class='ocr_carea' id='block_1_3' title="bbox 144 1669 1241 1767">
    <p class='ocr_par' dir='ltr' id='par_1_5' title="bbox 144 1669 1241 1767">
     <span class='ocr_line' id='line_1_12' title="bbox 144 1669 1241 1767; baseline 0.012 -38"><span class='ocrx_word' id='word_1_67' title='bbox 144 1757 151 1767; x_wconf 35' lang='grc'><em>,</em></span> <span class='ocrx_word' id='word_1_68' title='bbox 253 1670 331 1736; x_wconf 88' lang='lat' dir='ltr'><strong>tiam</strong></span> <span class='ocrx_word' id='word_1_69' title='bbox 348 1669 506 1753; x_wconf 80' lang='lat' dir='ltr'><strong>radiissa,</strong></span> <span class='ocrx_word' id='word_1_70' title='bbox 522 1673 727 1754; x_wconf 67' lang='lat' dir='ltr'><strong>eleetnst&#39;mn,</strong></span> <span class='ocrx_word' id='word_1_71' title='bbox 740 1671 775 1740; x_wconf 91' lang='lat' dir='ltr'><strong>h.</strong></span> <span class='ocrx_word' id='word_1_72' title='bbox 792 1697 820 1740; x_wconf 88' lang='lat' dir='ltr'><strong>e.</strong></span> <span class='ocrx_word' id='word_1_73' title='bbox 841 1675 962 1764; x_wconf 88' lang='lat' dir='ltr'><strong>optima</strong></span> <span class='ocrx_word' id='word_1_74' title='bbox 981 1670 1120 1754; x_wconf 86' lang='lat' dir='ltr'><strong>Catulli,</strong></span> <span class='ocrx_word' id='word_1_75' title='bbox 1139 1695 1241 1764; x_wconf 70' lang='lat' dir='ltr'><strong>quan</strong></span> 
     </span>
    </p>
   </div>
   <div class='ocr_carea' id='block_1_4' title="bbox 247 1785 1242 2439">
    <p class='ocr_par' dir='ltr' id='par_1_6' title="bbox 247 1785 1242 2439">
     <span class='ocr_line' id='line_1_13' title="bbox 247 1785 1240 1879; baseline 0.004 -31"><span class='ocrx_word' id='word_1_76' title='bbox 247 1791 422 1872; x_wconf 75' lang='lat' dir='ltr'><strong>pessnnum</strong></span> <span class='ocrx_word' id='word_1_77' title='bbox 443 1793 571 1874; x_wconf 63' lang='lat' dir='ltr'><strong>poetam</strong></span> <span class='ocrx_word' id='word_1_78' title='bbox 586 1803 694 1868; x_wconf 87' lang='lat' dir='ltr'><strong>vocat,</strong></span> <span class='ocrx_word' id='word_1_79' title='bbox 708 1788 825 1876; x_wconf 89' lang='lat' dir='ltr'><strong>scripta</strong></span> <span class='ocrx_word' id='word_1_80' title='bbox 843 1786 974 1879; x_wconf 82' lang='lat' dir='ltr'>ignibus</span> <span class='ocrx_word' id='word_1_81' title='bbox 988 1786 1145 1854; x_wconf 84' lang='lat' dir='ltr'><strong>daturam.</strong></span> <span class='ocrx_word' id='word_1_82' title='bbox 1167 1785 1240 1854; x_wconf 87' lang='lat' dir='ltr'><strong>Ve-</strong></span> 
     </span>
     <span class='ocr_line' id='line_1_14' title="bbox 254 1899 1241 1991; baseline 0.002 -27"><span class='ocrx_word' id='word_1_83' title='bbox 254 1919 330 1964; x_wconf 86' lang='lat' dir='ltr'><strong>rum</strong></span> <span class='ocrx_word' id='word_1_84' title='bbox 340 1921 411 1966; x_wconf 90' lang='lat' dir='ltr'><strong>non</strong></span> <span class='ocrx_word' id='word_1_85' title='bbox 427 1901 526 1966; x_wconf 89' lang='lat' dir='ltr'><strong>sensit</strong></span> <span class='ocrx_word' id='word_1_86' title='bbox 537 1901 672 1990; x_wconf 82' lang='lat' dir='ltr'><strong>pessima</strong></span> <span class='ocrx_word' id='word_1_87' title='bbox 686 1899 814 1983; x_wconf 85' lang='lat' dir='ltr'><strong>mulier,</strong></span> <span class='ocrx_word' id='word_1_88' title='bbox 828 1925 861 1968; x_wconf 89' lang='lat' dir='ltr'><strong>se</strong></span> <span class='ocrx_word' id='word_1_89' title='bbox 872 1901 1112 1991; x_wconf 83' lang='lat' dir='ltr'><strong>imprudentem</strong></span> <span class='ocrx_word' id='word_1_90' title='bbox 1125 1915 1241 1967; x_wconf 79' lang='lat' dir='ltr'><strong>votnm</strong></span> 
     </span>
     <span class='ocr_line' id='line_1_15' title="bbox 252 2007 1240 2106; baseline 0.006 -32"><span class='ocrx_word' id='word_1_91' title='bbox 252 2007 487 2104; x_wconf 71' lang='lat' dir='ltr'><strong>faceragntum</strong></span> <span class='ocrx_word' id='word_1_92' title='bbox 494 2011 615 2080; x_wconf 86' lang='lat' dir='ltr'><strong>Veneri</strong></span> <span class='ocrx_word' id='word_1_93' title='bbox 625 2018 759 2106; x_wconf 85' lang='lat' dir='ltr'><strong>ejusque</strong></span> <span class='ocrx_word' id='word_1_94' title='bbox 768 2013 844 2080; x_wconf 85' lang='lat' dir='ltr'><strong>filio.</strong></span> <span class='ocrx_word' id='word_1_95' title='bbox 859 2014 1019 2082; x_wconf 85' lang='lat' dir='ltr'><strong>Crematio</strong></span> <span class='ocrx_word' id='word_1_96' title='bbox 1029 2015 1240 2082; x_wconf 84' lang='lat' dir='ltr'><strong>enimcarmi-</strong></span> 
     </span>
     <span class='ocr_line' id='line_1_16' title="bbox 253 2121 1241 2218; baseline 0.004 -30"><span class='ocrx_word' id='word_1_97' title='bbox 253 2145 337 2192; x_wconf 89' lang='lat' dir='ltr'><strong>num</strong></span> <span class='ocrx_word' id='word_1_98' title='bbox 351 2121 483 2204; x_wconf 87' lang='lat' dir='ltr'><strong>Catulli,</strong></span> <span class='ocrx_word' id='word_1_99' title='bbox 497 2126 736 2218; x_wconf 81' lang='lat' dir='ltr'><strong>quinunquam</strong></span> <span class='ocrx_word' id='word_1_100' title='bbox 746 2130 847 2196; x_wconf 86' lang='lat' dir='ltr'><strong>invita</strong></span> <span class='ocrx_word' id='word_1_101' title='bbox 855 2131 1004 2196; x_wconf 79' lang='lat' dir='ltr'><strong>Minerva</strong></span> <span class='ocrx_word' id='word_1_102' title='bbox 1015 2129 1094 2196; x_wconf 89' lang='lat' dir='ltr'><strong>haec</strong></span> <span class='ocrx_word' id='word_1_103' title='bbox 1103 2127 1241 2194; x_wconf 88' lang='lat' dir='ltr'><strong>numina</strong></span> 
     </span>
     <span class='ocr_line' id='line_1_17' title="bbox 252 2237 1242 2332; baseline 0.001 -28"><span class='ocrx_word' id='word_1_104' title='bbox 252 2237 420 2317; x_wconf 78' lang='lat' dir='ltr'><strong>cecinerat,</strong></span> <span class='ocrx_word' id='word_1_105' title='bbox 427 2238 502 2327; x_wconf 82' lang='lat' dir='ltr'><strong>ipsis</strong></span> <span class='ocrx_word' id='word_1_106' title='bbox 508 2255 780 2328; x_wconf 85' lang='lat' dir='ltr'><strong>aooeptaessenon</strong></span> <span class='ocrx_word' id='word_1_107' title='bbox 787 2241 1242 2332; x_wconf 65' lang='lat' dir='ltr'><strong>poteratseddebabatpoetae</strong></span> 
     </span>
     <span class='ocr_line' id='line_1_18' title="bbox 253 2349 1242 2439; baseline 0.005 -24"><span class='ocrx_word' id='word_1_108' title='bbox 253 2369 328 2416; x_wconf 85' lang='lat' dir='ltr'><strong>vere</strong></span> <span class='ocrx_word' id='word_1_109' title='bbox 346 2349 491 2439; x_wconf 85' lang='lat' dir='ltr'><strong>pessimi,</strong></span> <span class='ocrx_word' id='word_1_110' title='bbox 513 2349 659 2438; x_wconf 76' lang='lat' dir='ltr'><strong>Volusii,</strong></span> <span class='ocrx_word' id='word_1_111' title='bbox 680 2371 759 2422; x_wconf 89' lang='lat' dir='ltr'><strong>tunc</strong></span> <span class='ocrx_word' id='word_1_112' title='bbox 777 2373 815 2422; x_wconf 89' lang='lat' dir='ltr'><strong>ut</strong></span> <span class='ocrx_word' id='word_1_113' title='bbox 829 2359 897 2424; x_wconf 81' lang='lat' dir='ltr'><strong>veri</strong></span> <span class='ocrx_word' id='word_1_114' title='bbox 913 2354 1015 2423; x_wconf 86' lang='lat' dir='ltr'><strong>simile</strong></span> <span class='ocrx_word' id='word_1_115' title='bbox 1031 2371 1079 2424; x_wconf 87' lang='lat' dir='ltr'><strong>est</strong></span> <span class='ocrx_word' id='word_1_116' title='bbox 1092 2353 1242 2422; x_wconf 58' lang='lat' dir='ltr'><strong>mesiam</strong></span> 
     </span>
    </p>
   </div>
   <div class='ocr_carea' id='block_1_5' title="bbox 253 2465 1243 3244">
    <p class='ocr_par' dir='ltr' id='par_1_7' title="bbox 253 2465 1243 3244">
     <span class='ocr_line' id='line_1_19' title="bbox 254 2465 1242 2562; baseline 0.004 -32"><span class='ocrx_word' id='word_1_117' title='bbox 254 2465 406 2544; x_wconf 86' lang='lat' dir='ltr'><strong>amantis,</strong></span> <span class='ocrx_word' id='word_1_118' title='bbox 419 2466 553 2556; x_wconf 89' lang='lat' dir='ltr'><strong>quique,</strong></span> <span class='ocrx_word' id='word_1_119' title='bbox 569 2467 604 2536; x_wconf 88' lang='lat' dir='ltr'><strong>id</strong></span> <span class='ocrx_word' id='word_1_120' title='bbox 614 2469 704 2560; x_wconf 84' lang='lat' dir='ltr'><strong>quod</strong></span> <span class='ocrx_word' id='word_1_121' title='bbox 716 2487 803 2560; x_wconf 85' lang='lat' dir='ltr'><strong>patet</strong></span> <span class='ocrx_word' id='word_1_122' title='bbox 821 2493 839 2538; x_wconf 89' lang='lat' dir='ltr'><strong>a</strong></span> <span class='ocrx_word' id='word_1_123' title='bbox 854 2495 900 2538; x_wconf 87' lang='lat' dir='ltr'><strong>vs.</strong></span> <span class='ocrx_word' id='word_1_124' title='bbox 921 2473 958 2536; x_wconf 87' lang='lat' dir='ltr'><strong>II</strong></span> <span class='ocrx_word' id='word_1_125' title='bbox 975 2495 1058 2562; x_wconf 75' lang='lat' dir='ltr'><strong>sqq,</strong></span> <span class='ocrx_word' id='word_1_126' title='bbox 1078 2469 1242 2538; x_wconf 79' lang='lat' dir='ltr'>Venerem</span> 
     </span>
     <span class='ocr_line' id='line_1_20' title="bbox 254 2575 1242 2674; baseline 0.005 -30"><span class='ocrx_word' id='word_1_127' title='bbox 254 2575 372 2646; x_wconf 88' lang='lat' dir='ltr'><strong>insulse</strong></span> <span class='ocrx_word' id='word_1_128' title='bbox 397 2595 588 2648; x_wconf 80' lang='lat' dir='ltr'><strong>cantaverat</strong></span> <span class='ocrx_word' id='word_1_129' title='bbox 623 2583 700 2652; x_wconf 85' lang='lat' dir='ltr'><strong>Non</strong></span> <span class='ocrx_word' id='word_1_130' title='bbox 719 2586 807 2651; x_wconf 88' lang='lat' dir='ltr'><strong>enim</strong></span> <span class='ocrx_word' id='word_1_131' title='bbox 825 2587 906 2651; x_wconf 90' lang='lat' dir='ltr'><strong>serio</strong></span> <span class='ocrx_word' id='word_1_132' title='bbox 925 2595 1019 2674; x_wconf 81' lang='lat' dir='ltr'><strong>po&#39;e&#39;ta</strong></span> <span class='ocrx_word' id='word_1_133' title='bbox 1037 2601 1085 2650; x_wconf 91' lang='lat' dir='ltr'><strong>tot</strong></span> <span class='ocrx_word' id='word_1_134' title='bbox 1106 2584 1242 2650; x_wconf 87' lang='lat' dir='ltr'><strong>nomina</strong></span> 
     </span>
     <span class='ocr_line' id='line_1_21' title="bbox 253 2689 1243 2792; baseline 0.003 -34"><span class='ocrx_word' id='word_1_135' title='bbox 253 2689 401 2760; x_wconf 86' lang='lat' dir='ltr'><strong>Iocorum</strong></span> <span class='ocrx_word' id='word_1_136' title='bbox 414 2693 535 2762; x_wconf 88' lang='lat' dir='ltr'><strong>Veneri</strong></span> <span class='ocrx_word' id='word_1_137' title='bbox 558 2712 723 2789; x_wconf 87' lang='lat' dir='ltr'><strong>gratorum</strong></span> <span class='ocrx_word' id='word_1_138' title='bbox 740 2697 808 2766; x_wconf 91' lang='lat' dir='ltr'><strong>huo</strong></span> <span class='ocrx_word' id='word_1_139' title='bbox 826 2701 985 2792; x_wconf 81' lang='lat' dir='ltr'><strong>congerit,</strong></span> <span class='ocrx_word' id='word_1_140' title='bbox 1006 2697 1062 2765; x_wconf 87' lang='lat' dir='ltr'><strong>sed</strong></span> <span class='ocrx_word' id='word_1_141' title='bbox 1081 2713 1118 2764; x_wconf 89' lang='lat' dir='ltr'><strong>ut</strong></span> <span class='ocrx_word' id='word_1_142' title='bbox 1138 2695 1243 2762; x_wconf 87' lang='lat' dir='ltr'><strong>rideat</strong></span> 
     </span>
     <span class='ocr_line' id='line_1_22' title="bbox 253 2805 1241 2900; baseline 0.002 -26"><span class='ocrx_word' id='word_1_143' title='bbox 253 2805 445 2891; x_wconf 88' lang='lat' dir='ltr'><strong>Volusium,</strong></span> <span class='ocrx_word' id='word_1_144' title='bbox 465 2832 484 2876; x_wconf 86' lang='lat' dir='ltr'><strong>e</strong></span> <span class='ocrx_word' id='word_1_145' title='bbox 506 2812 599 2900; x_wconf 77' lang='lat' dir='ltr'><strong>cujus</strong></span> <span class='ocrx_word' id='word_1_146' title='bbox 618 2809 801 2892; x_wconf 70' lang='lat' dir='ltr'><strong>annalibus,</strong></span> <span class='ocrx_word' id='word_1_147' title='bbox 824 2811 858 2876; x_wconf 92' lang='lat' dir='ltr'><strong>h.</strong></span> <span class='ocrx_word' id='word_1_148' title='bbox 877 2835 904 2878; x_wconf 87' lang='lat' dir='ltr'><strong>e.</strong></span> <span class='ocrx_word' id='word_1_149' title='bbox 924 2813 1011 2878; x_wconf 90' lang='lat' dir='ltr'><strong>siccis</strong></span> <span class='ocrx_word' id='word_1_150' title='bbox 1026 2807 1241 2891; x_wconf 85' lang='lat' dir='ltr'><strong>carminibus,</strong></span> 
     </span>
     <span class='ocr_line' id='line_1_23' title="bbox 254 2919 1242 3018; baseline 0.004 -34"><span class='ocrx_word' id='word_1_151' title='bbox 254 2922 363 2986; x_wconf 86' lang='lat' dir='ltr'><strong>omnia</strong></span> <span class='ocrx_word' id='word_1_152' title='bbox 373 2921 452 2989; x_wconf 88' lang='lat' dir='ltr'><strong>haec</strong></span> <span class='ocrx_word' id='word_1_153' title='bbox 461 2919 596 2988; x_wconf 86' lang='lat' dir='ltr'><strong>urbium</strong></span> <span class='ocrx_word' id='word_1_154' title='bbox 607 2923 756 3005; x_wconf 89' lang='lat' dir='ltr'><strong>nomina,</strong></span> <span class='ocrx_word' id='word_1_155' title='bbox 767 2947 944 3015; x_wconf 87' lang='lat' dir='ltr'><strong>earumque</strong></span> <span class='ocrx_word' id='word_1_156' title='bbox 958 2923 1072 3018; x_wconf 84' lang='lat' dir='ltr'><strong>frigida</strong></span> <span class='ocrx_word' id='word_1_157' title='bbox 1083 2921 1242 3014; x_wconf 81' lang='lat' dir='ltr'><strong>epitheta,</strong></span> 
     </span>
     <span class='ocr_line' id='line_1_24' title="bbox 255 3033 1243 3132; baseline 0.008 -36"><span class='ocrx_word' id='word_1_158' title='bbox 255 3047 293 3096; x_wconf 89' lang='lat' dir='ltr'><strong>ut</strong></span> <span class='ocrx_word' id='word_1_159' title='bbox 302 3033 428 3100; x_wconf 83' lang='lat' dir='ltr'><strong>Adn&#39;as</strong></span> <span class='ocrx_word' id='word_1_160' title='bbox 447 3035 628 3119; x_wconf 80' lang='lat' dir='ltr'><strong>tabernam,</strong></span> <span class='ocrx_word' id='word_1_161' title='bbox 643 3035 874 3128; x_wconf 77' lang='lat' dir='ltr'><strong>deprompsisse</strong></span> <span class='ocrx_word' id='word_1_162' title='bbox 887 3039 1025 3106; x_wconf 86' lang='lat' dir='ltr'><strong>videtur.</strong></span> <span class='ocrx_word' id='word_1_163' title='bbox 1049 3037 1243 3132; x_wconf 82' lang='lat' dir='ltr'><strong>Legendum</strong></span> 
     </span>
     <span class='ocr_line' id='line_1_25' title="bbox 255 3145 1081 3244; baseline 0.008 -30"><span class='ocrx_word' id='word_1_164' title='bbox 255 3145 353 3238; x_wconf 80' lang='lat' dir='ltr'><strong>igitur</strong></span> <span class='ocrx_word' id='word_1_165' title='bbox 371 3169 418 3214; x_wconf 79' lang='lat' dir='ltr'><strong>ve.</strong></span> <span class='ocrx_word' id='word_1_166' title='bbox 443 3149 464 3212; x_wconf 76' lang='grc'><strong>4</strong></span> <span class='ocrx_word' id='word_1_167' title='bbox 487 3173 547 3240; x_wconf 87' lang='lat' dir='ltr'><strong>pro</strong></span> <span class='ocrx_word' id='word_1_168' title='bbox 568 3159 613 3230; x_wconf 82' lang='lat' dir='ltr'><strong>sr&#39;,</strong></span> <span class='ocrx_word' id='word_1_169' title='bbox 636 3159 671 3216; x_wconf 84' lang='lat' dir='ltr'><strong>ni</strong></span> <span class='ocrx_word' id='word_1_170' title='bbox 692 3169 725 3220; x_wconf 83' lang='lat' dir='ltr'><strong>ot</strong></span> <span class='ocrx_word' id='word_1_171' title='bbox 746 3176 793 3221; x_wconf 84' lang='lat' dir='ltr'><strong>vs.</strong></span> <span class='ocrx_word' id='word_1_172' title='bbox 817 3152 838 3220; x_wconf 82' lang='grc'>9</span> <span class='ocrx_word' id='word_1_173' title='bbox 860 3176 921 3244; x_wconf 77' lang='lat' dir='ltr'><strong>pso</strong></span> <span class='ocrx_word' id='word_1_174' title='bbox 942 3167 990 3233; x_wconf 83' lang='lat' dir='ltr'><strong>et,</strong></span> <span class='ocrx_word' id='word_1_175' title='bbox 1013 3175 1081 3221; x_wconf 85' lang='lat' dir='ltr'><strong>nec.</strong></span> 
     </span>
    </p>
   </div>
   <div class='ocr_carea' id='block_1_6' title="bbox 606 3335 884 3402">
    <p class='ocr_par' dir='ltr' id='par_1_8' title="bbox 606 3335 884 3402">
     <span class='ocr_line' id='line_1_26' title="bbox 606 3335 884 3402; baseline 0.011 -4"><span class='ocrx_word' id='word_1_176' title='bbox 606 3335 720 3400; x_wconf 74' lang='lat' dir='ltr'><strong>cm.</strong></span> <span class='ocrx_word' id='word_1_177' title='bbox 740 3339 884 3402; x_wconf 88' lang='lat' dir='ltr'>XXXVII.</span> 
     </span>
    </p>
   </div>
   <div class='ocr_carea' id='block_1_7' title="bbox 250 3474 1243 3896">
    <p class='ocr_par' dir='ltr' id='par_1_9' title="bbox 255 3474 1243 3688">
     <span class='ocr_line' id='line_1_27' title="bbox 255 3474 1143 3570; baseline -0.006 -18"><span class='ocrx_word' id='word_1_178' title='bbox 255 3495 300 3540; x_wconf 72' lang='lat' dir='ltr'><strong>VS·</strong></span> <span class='ocrx_word' id='word_1_179' title='bbox 325 3474 356 3538; x_wconf 81' lang='lat'><strong>5·</strong></span> <span class='ocrx_word' id='word_1_180' title='bbox 684 3497 715 3547; x_wconf 84' lang='lat' dir='ltr'><strong>et</strong></span> <span class='ocrx_word' id='word_1_181' title='bbox 731 3497 850 3570; x_wconf 81' lang='lat' dir='ltr'><strong>putare</strong></span> <span class='ocrx_word' id='word_1_182' title='bbox 871 3495 991 3548; x_wconf 83' lang='lat' dir='ltr'><strong>ceteros</strong></span> <span class='ocrx_word' id='word_1_183' title='bbox 1013 3483 1143 3548; x_wconf 75' lang='lat' dir='ltr'><strong>nimos?</strong></span> 
     </span>
     <span class='ocr_line' id='line_1_28' title="bbox 299 3587 1243 3688; baseline 0.01 -36"><span class='ocrx_word' id='word_1_184' title='bbox 299 3587 415 3654; x_wconf 78' lang='lat' dir='ltr'><strong>Hircos</strong></span> <span class='ocrx_word' id='word_1_185' title='bbox 437 3607 605 3676; x_wconf 73' lang='lat' dir='ltr'><strong>omtratos,</strong></span> <span class='ocrx_word' id='word_1_186' title='bbox 626 3595 671 3660; x_wconf 88' lang='lat' dir='ltr'><strong>ait</strong></span> <span class='ocrx_word' id='word_1_187' title='bbox 687 3596 889 3688; x_wconf 86' lang='lat' dir='ltr'><strong>Doeringius.</strong></span> <span class='ocrx_word' id='word_1_188' title='bbox 920 3595 1057 3680; x_wconf 85' lang='lat' dir='ltr'><strong>Quod</strong></span> <span class='ocrx_word' id='word_1_189' title='bbox 1033 3621 1058 3662; x_wconf 90' lang='lat' dir='ltr'><strong>s1</strong></span> <span class='ocrx_word' id='word_1_190' title='bbox 1076 3597 1243 3688; x_wconf 75' lang='lat' dir='ltr'><strong>cogitasset</strong></span> 
     </span>
    </p>

    <p class='ocr_par' dir='ltr' id='par_1_10' title="bbox 255 3702 1242 3801">
     <span class='ocr_line' id='line_1_29' title="bbox 255 3702 1242 3801; baseline 0.012 -37"><span class='ocrx_word' id='word_1_191' title='bbox 255 3707 364 3784; x_wconf 84' lang='lat' dir='ltr'><strong>poe&#39;ta,</strong></span> <span class='ocrx_word' id='word_1_192' title='bbox 380 3702 550 3792; x_wconf 73' lang='lat' dir='ltr'><strong>scripsisset</strong></span> <span class='ocrx_word' id='word_1_193' title='bbox 565 3727 691 3796; x_wconf 84' lang='lat' dir='ltr'><strong>verpos.</strong></span> <span class='ocrx_word' id='word_1_194' title='bbox 715 3708 778 3774; x_wconf 88' lang='lat' dir='ltr'><strong>Pro</strong></span> <span class='ocrx_word' id='word_1_195' title='bbox 790 3706 1242 3801; x_wconf 82' lang='lat' dir='ltr'><strong>putarelegendumsuspicor</strong></span> 
     </span>
    </p>

    <p class='ocr_par' dir='ltr' id='par_1_11' title="bbox 250 3814 1119 3896">
     <span class='ocr_line' id='line_1_30' title="bbox 250 3814 1119 3896; baseline -0.001 -14"><span class='ocrx_word' id='word_1_196' title='bbox 250 3823 376 3896; x_wconf 71' lang='lat' dir='ltr'><strong>putere.</strong></span> <span class='ocrx_word' id='word_1_197' title='bbox 408 3814 505 3896; x_wconf 89' lang='lat' dir='ltr'><strong>Quod</strong></span> <span class='ocrx_word' id='word_1_198' title='bbox 528 3841 573 3884; x_wconf 82' lang='lat' dir='ltr'><strong>vs.</strong></span> <span class='ocrx_word' id='word_1_199' title='bbox 598 3818 673 3888; x_wconf 67' lang='lat' dir='ltr'><strong>fiet</strong></span> <span class='ocrx_word' id='word_1_200' title='bbox 697 3821 757 3888; x_wconf 75' lang='lat' dir='ltr'><strong>to:</strong></span> <span class='ocrx_word' id='word_1_201' title='bbox 1114 3839 1119 3846; x_wconf 89' lang='lat'><em>·</em></span> 
     </span>
    </p>
   </div>
   <div class='ocr_carea' id='block_1_8' title="bbox 388 3933 1090 4136">
    <p class='ocr_par' dir='ltr' id='par_1_12' title="bbox 388 3933 1090 4136">
     <span class='ocr_line' id='line_1_31' title="bbox 703 3933 1068 4024; baseline 0.003 -27"><span class='ocrx_word' id='word_1_202' title='bbox 703 3957 838 4024; x_wconf 80' lang='lat' dir='ltr'><strong>namque</strong></span> <span class='ocrx_word' id='word_1_203' title='bbox 859 3941 953 4000; x_wconf 73' lang='lat' dir='ltr'><strong>totins</strong></span> <span class='ocrx_word' id='word_1_204' title='bbox 974 3933 1068 4000; x_wconf 78' lang='lat' dir='ltr'><strong>vobr&#39;s</strong></span> 
     </span>
     <span class='ocr_line' id='line_1_32' title="bbox 388 4039 1090 4136; baseline 0.014 -34"><span class='ocrx_word' id='word_1_205' title='bbox 388 4039 533 4107; x_wconf 82' lang='lat' dir='ltr'><strong>Frontem</strong></span> <span class='ocrx_word' id='word_1_206' title='bbox 557 4044 706 4114; x_wconf 75' lang='lat' dir='ltr'><strong>tabernae</strong></span> <span class='ocrx_word' id='word_1_207' title='bbox 729 4045 921 4136; x_wconf 78' lang='lat' dir='ltr'><strong>scipionibus</strong></span> <span class='ocrx_word' id='word_1_208' title='bbox 942 4045 1090 4112; x_wconf 81' lang='lat' dir='ltr'><strong>scribam.</strong></span> 
     </span>
    </p>
   </div>
   <div class='ocr_carea' id='block_1_9' title="bbox 0 0 1481 4920">
    <p class='ocr_par' dir='ltr' id='par_1_13' title="bbox 0 0 1481 4920">
     <span class='ocr_line' id='line_1_33' title="bbox 0 0 1481 4920; baseline 0 0"><span class='ocrx_word' id='word_1_209' title='bbox 0 0 1481 4920; x_wconf 95' lang='lat' dir='ltr'><strong> </strong></span> 
     </span>
    </p>
   </div>
  </div>
 </body>
</html>
