2862 4894
634 349 675 416 tt

163 553 274 621 semper
290 530 410 614 valuit,
431 528 606 610 sedetiam,
623 532 829 622 propterrinr
847 531 971 598 sceleris
985 533 1146 600 manifesti

166 661 251 735 atque
272 645 482 737 deprehensi,
506 646 716 737 impudentia,
741 671 801 738 qun
824 649 988 739 superabat
1013 671 1140 726 omnes,

169 759 406 851 improbitasque
441 759 570 828 deiecit.
620 763 676 828 89.
714 759 896 828 Vultureius
933 783 1004 825 rere
1034 763 1144 827 subito-

173 875 290 963 proferri
327 876 437 942 literas
472 888 567 965 etque
611 877 725 967 aperiri
768 877 881 958 iussit,
918 897 994 966 ques
1028 872 1087 942 sibi
1121 901 1139 940 n

173 991 290 1057 Lentulo
324 991 362 1056 ed
388 991 556 1059 Catilinam
576 990 663 1057 dutus
690 1013 753 1057 esse
776 991 913 1057 dicebat.
963 994 1067 1081 Atque
1091 991 1136 1055 ibi

174 1104 428 1173 vehementissime
446 1105 646 1196 perturbatus
663 1105 833 1186 Lentulus,
854 1118 954 1171 temen
967 1119 998 1170 et
1016 1107 1135 1194 signum

175 1241 248 1286 suum
268 1233 299 1287 et
318 1243 446 1288 menum
469 1221 622 1310 cognorit,
668 1221 764 1288 Erunt
792 1232 896 1292 eutem
919 1222 1053 1310 scriptae
1072 1219 1138 1285 sine

176 1335 304 1420 numine,
324 1335 376 1402 sed
393 1337 457 1402 itu:
490 1333 557 1422 Qui
569 1339 650 1414 sim,
669 1357 712 1400 en
729 1357 783 1414 eo,
798 1353 893 1424 quem
909 1336 958 1400 ad
983 1343 1013 1400 te
1040 1340 1132 1414 misi,

176 1454 258 1514 setes.
305 1448 422 1528 Cura,
457 1461 494 1515 ut
522 1453 674 1529 vireis,
714 1460 745 1514 et
770 1471 864 1538 quem
894 1455 930 1512 in
951 1445 1056 1515 luerem
1083 1454 1135 1514 sis

178 1581 372 1648 preqresens,
391 1568 532 1654 eogita;
556 1573 587 1629 et
604 1565 699 1646 vide,
727 1565 813 1652 quid
834 1569 902 1628 inm
925 1566 988 1628 tibi
1004 1570 1052 1630 sit
1073 1587 1132 1628 ne-

181 1695 257 1746 eesse.
304 1675 413 1760 Cura,
444 1687 482 1743 ut
513 1682 657 1744 omnium
684 1679 749 1743 titi
776 1681 917 1742 auxilia
945 1679 1133 1766 adiungas,

184 1793 258 1854 etiem
275 1791 474 1880 infimorum,
523 1793 578 1859 90.
606 1791 759 1860 Gabinius
782 1789 894 1856 deinde
917 1790 1129 1874 introductus,

191 1921 256 1987 quum
288 1907 392 1997 primo
429 1905 630 1997 impudenter
667 1903 854 1995 respondere
893 1905 1061 1994 coepisset,
1093 1904 1131 1969 ed
1188 1893 1197 1917 '

192 2027 323 2087 utrenum
352 2019 434 2087 nihil
454 2043 489 2087 er
519 2021 577 2098 iis,
603 2043 684 2110 quae
713 2018 793 2087 Gelli
821 2017 1055 2100 insimulabant,
1080 2040 1133 2084 ne·

185 2131 249 2212 terit.
288 2137 343 2205 91.
369 2135 416 2201 Ae
438 2133 518 2202 nrihi
535 2135 662 2224 quidem
681 2155 777 2224 quum
797 2134 849 2198 illu
873 2133 1042 2198 certissime
1059 2137 1131 2200 sunt

183 2242 226 2310 rin
244 2261 419 2338 rrqumente
434 2261 530 2340 etque
547 2248 663 2314 indicis
685 2247 830 2327 sceleris,
855 2247 1001 2325 tabellae,
1025 2248 1126 2338 signa,

177 2376 276 2441 merrus,
305 2363 442 2454 denique
472 2364 721 2454 uniuscuiusque
746 2363 914 2443 consessio,
938 2376 1004 2428 turn
1029 2363 1130 2430 niulto

175 2469 215 2535 itta
242 2477 386 2558 certiore,
416 2479 521 2556 color,
545 2479 645 2561 oculi,
673 2477 794 2556 tultus,
820 2479 1026 2543 taciturnitas.
1075 2477 1129 2544 Sie

172 2585 236 2653 erim
257 2590 494 2682 obstupuerunt,
518 2593 562 2658 sin
580 2605 695 2660 terram
713 2592 936 2670 intuebantur,
959 2591 1002 2655 sic
1018 2592 1126 2656 furtim

171 2717 374 2796 nunnunquam
405 2707 488 2772 iuter
524 2729 556 2774 se
583 2705 813 2796 edepieiebsnt,
847 2719 881 2771 ut
909 2727 971 2769 non
1001 2705 1060 2768 inm
1088 2703 1130 2768 eb

168 2811 220 2882 riiis
240 2817 393 2906 indicari,
417 2819 470 2889 sed
493 2819 632 2888 indienre
654 2845 686 2888 se
710 2821 769 2912 ipsi
795 2820 984 2886 riderentur.

198 3041 308 3111 xxiv,
334 3047 387 3112 92.
411 3045 484 3113 Vidi
508 3046 517 3084 ¹
543 3059 647 3114 eutem
671 3045 762 3111 simul
785 3044 867 3126 hoc,
903 3045 981 3123 nisi,
1006 3044 1123 3109 receuti

161 3161 292 3224 memorie
323 3174 464 3242 senatus,
501 3162 719 3227 auctoritatem
749 3159 842 3224 huius
877 3158 985 3224 iudicii
1012 3181 1123 3224 monu-

157 3273 257 3337 mentis
286 3272 424 3363 pubiieis
458 3287 588 3341 testatus
619 3295 732 3352 essem,
764 3273 849 3350 iore,
885 3283 919 3336 ut
954 3270 1122 3360 aliquando

154 3383 255 3476 eiiquis
275 3389 463 3478 patrimonio
480 3390 664 3478 naufragus,
695 3387 841 3452 inimicus
862 3385 933 3460 otii,
967 3386 1119 3449 bonorum

152 3494 254 3582 hostis,
278 3502 369 3570 iliter
392 3503 528 3570 indicate
550 3503 627 3571 huec
648 3525 713 3568 esse
734 3500 871 3579 diceret,
895 3521 957 3589 quo
977 3499 1122 3594 facilius,

151 3627 235 3681 rento
265 3617 373 3708 atiquo
400 3619 432 3684 in
465 3619 619 3708 optimum
653 3637 812 3708 quemque
836 3615 987 3690 excitato,
1018 3629 1119 3703 posset

148 3729 176 3793 iu
190 3731 276 3798 melis
293 3733 340 3798 rei
362 3731 508 3822 publicae
524 3746 652 3824 portum
667 3753 791 3798 suorum
812 3729 963 3811 mulorum
984 3728 1120 3818 aliquem

147 3845 291 3912 iuvenire.
339 3845 450 3936 ltaque
488 3846 676 3916 introductis
704 3849 735 3916 in
769 3858 907 3912 senatum
944 3841 1122 3920 indicibus,

140 4015 295 4028 ,Μ

174 4109 195 4176 ι)
211 4111 326 4174 pssum
343 4127 364 4161 ι.
381 4109 422 4162 rr.
438 4111 451 4176 t
465 4111 506 4163 tl.
