2862 4894
629 342 671 404 39

171 546 256 612 opera
277 523 352 588 lorti
376 521 527 612 fidelique
549 543 621 588 usus
639 544 753 604 emens,
791 523 904 588 merite
926 545 964 588 ac
987 523 1054 590 iure
1074 525 1143 590 laa-

169 639 292 705 dantnr:
327 650 423 727 atque
456 637 552 742 etiapn
581 637 649 706 rire
675 638 769 719 lorti,
799 636 936 725 collegae
960 661 1050 722 meo,
1077 641 1145 706 luas

168 754 365 841 impertitur,
390 751 475 842 quod
498 773 571 834 eos,
597 752 652 840 qni
682 749 777 818 buius
797 752 1024 818 coniurationis
1044 757 1144 843 parti·

169 867 246 956 elpes
262 867 411 946 luissent,
434 889 452 932 ι
475 867 537 934 suis
557 879 588 932 et
606 887 624 930 a
644 865 855 955 reipublicae
878 868 1017 934 consiliis
1040 889 1144 934 remo·

169 982 259 1047 risset.
306 985 365 1050 96.
393 981 502 1070 Atque
529 982 572 1048 ita
598 993 810 1060 censuerunt,
840 996 875 1047 ut
906 982 942 1050 P.
972 983 1144 1060 Lentulus,

170 1115 256 1180 qnnm
284 1119 317 1161 ae
344 1108 491 1184 praetura
511 1093 707 1179 abdicasset,
734 1107 801 1162 tam
820 1097 853 1161 in
877 1097 1051 1162 custodiam
1076 1111 1142 1163 tra·
1200 1154 1204 1161 .

173 1206 307 1274 inetur:
329 1211 468 1299 itemque
485 1210 533 1275 uti
551 1209 583 1275 (ἱ
598 1207 773 1298 Cethegus,
794 1210 832 1275 L.
849 1209 1010 1293 Statilius,
1033 1213 1069 1276 P.
1085 1210 1144 1276 Ga-

175 1323 278 1402 binius,
301 1325 356 1414 qni
377 1347 485 1392 omnes
502 1336 679 1414 praesenter
697 1337 801 1402 erant,
824 1327 857 1392 in
876 1325 1050 1392 custodiam
1075 1339 1143 1392 trn·

176 1435 320 1504 derentnr:
343 1452 439 1528 atque
459 1439 543 1505 idern
561 1437 624 1505 boe
643 1437 805 1506 decretum
818 1443 863 1506 est
875 1442 907 1504 ia
925 1441 963 1508 l..
985 1439 1142 1518 Cassiam,

179 1553 223 1638 qni
232 1553 285 1618 ribi
297 1553 550 1643 procurationem
568 1551 781 1620 incendendae
793 1553 894 1620 Urbis
904 1554 1140 1644 depoposcerat:

181 1665 256 1730 inll.
280 1667 484 1757 Caeparium,
520 1668 572 1734 cui
591 1668 631 1733 ad
658 1667 871 1733 sollicitandos
895 1683 1034 1757 pastores
1056 1672 1143 1758 Apu·

184 1777 239 1845 lim
257 1803 317 1848 erse
338 1782 637 1861 attributam,.erat
657 1781 852 1849 indicatura:
880 1782 912 1845 in
937 1781 972 1848 P.
994 1783 1143 1861 Parium,

191 1895 228 1978 qui
242 1909 301 1962 erat
321 1918 357 1961 en
381 1897 418 1962 iis
436 1895 567 1978 colonis,
583 1918 661 1984 quos
683 1894 811 1961 Ferulae
829 1895 866 1962 L.
883 1895 969 1962 Sulla
992 1895 1140 1962 deduxit:

193 2007 214 2070 in
231 2011 257 2094 Q.
282 2009 435 2078 ltanlium
466 2009 651 2090 Chilonem,
688 2011 829 2099 quiana
857 2031 929 2076 cunr
955 2009 1016 2074 boc
1042 2009 1141 2075 Furio

186 2143 278 2212 srnper
297 2138 364 2191 erat
384 2125 415 2190 in
437 2123 498 2190 hac
518 2125 726 2214 Allobrogum
745 2123 963 2190 sollicitatione
982 2135 1139 2189 serratus:

181 2233 204 2298 ia
229 2239 259 2304 P.
284 2239 499 2318 Umbrenum,
531 2239 717 2306 libertinam
734 2239 918 2321 hominem,
943 2261 960 2303 a
984 2259 1048 2328 quo
1075 2239 1141 2326 pri·

178 2369 246 2416 nan
275 2353 379 2420 Gallos
406 2353 446 2420 ad
477 2351 646 2420 Gabinium
677 2352 846 2442 perductos
876 2375 941 2419 esso
968 2352 1149 2424 constabat..

174 2461 260 2553 itque
281 2491 316 2534 ea
342 2468 472 2535 lenitate
486 2480 609 2534 senatus
626 2481 671 2536 est
694 2491 786 2552 usus,
810 2479 845 2534 ut
868 2489 903 2533 er
924 2481 1010 2534 tanta
1032 2468 1140 2532 conia·

173 2579 293 2664 ratione,
320 2595 471 2671 tantaque
490 2583 520 2649 ri
536 2604 574 2648 eo
592 2583 797 2648 multitudine
819 2582 1062 2648 domesticorum
1081 2582 1139 2648 be·

169 2693 268 2772 stium,
300 2718 412 2762 nerem
445 2696 609 2764 bominum
639 2696 921 2786 perditissimorum
945 2717 1071 2784 poena,
1107 2717 1140 2761 re

165 2808 281 2894 publica
308 2823 514 2893 conservata,
545 2811 741 2900 reliquorum
772 2825 892 2878 mentes
913 2813 1013 2876 sanari
1050 2831 1140 2900 posse

164 2923 367 2992 arbitraretur.
406 2930 461 2994 97.
483 2926 589 3016 Atque
608 2927 702 2992 etiem
725 2927 915 3015 supplicatio
934 2924 993 2990 diis
1010 2926 1140 2990 immor·

162 3038 267 3104 talibus
286 3061 343 3129 pro
361 3041 511 3130 singulari
524 3063 632 3107 eorurn
657 3042 772 3108 merito
784 3063 856 3106 meo
871 3041 998 3106 nomine
1014 3040 1139 3106 decreta

159 3165 215 3220 ert:
250 3155 334 3243 qaod
367 3155 445 3222 mihi
476 3155 614 3244 primunr
638 3170 709 3245 post
735 3154 817 3220 banc
844 3155 954 3222 urbem
978 3155 1137 3221 conditam

159 3281 258 3354 togato
284 3270 436 3358 coatipitr
461 3281 494 3336 et
514 3269 563 3336 bis
580 3268 707 3336 decreta
724 3269 826 3335 serbis
840 3282 896 3348 est,
921 3285 1005 3347 oron
1022 3269 1137 3334 Visera

154 3397 330 3466 mesenus,
363 3403 466 3452 carna
494 3403 605 3464 erres,
633 3385 772 3451 lrsnrsa
803 3401 902 3450 nunno
925 3399 1133 3450 urnsoassnsr.

156 3499 239 3582 Quae
261 3498 450 3588 supplicatio
470 3500 497 3564 ei
525 3519 597 3563 oum
621 3499 734 3564 ceteris
758 3497 1042 3587 supplicationibus
1063 3519 1136 3561 con·

153 3612 285 3691 leretur,
308 3611 370 3678 boc
390 3613 534 3692 intersit,
567 3613 652 3701 quod
681 3624 804 3678 ceterae
827 3613 1034 3698 benegesto,
1058 3609 1136 3677 baec

152 3747 229 3805 una,
252 3741 432 3794 conservata
454 3749 490 3794 re
516 3725 666 3817 publiea,
692 3727 861 3792 constituta
885 3737 941 3791 est.
988 3725 1044 3791 98.
1070 3728 1134 3790 Δι-

152 3863 209 3932 qae
224 3839 325 3922 illud,
349 3840 434 3930 qnod
451 3839 628 3906 laciendum
646 3840 728 3919 fuit,
751 3840 887 3929 primum
904 3840 1021 3906 lactum
1039 3851 1136 3925 alque

152 3967 345 4022 transactum
372 3967 432 4021 est.
478 3952 556 4022 Nam
584 3954 617 4019 P.
639 3952 809 4032 Lentulus,
842 3973 1051 4044 quamquam,
1077 3971 1135 4037 pa·

152 4071 273 4138 telaetia
293 4069 417 4137 indiciis
435 4081 466 4137 et
486 4067 732 4138 confessionibus
754 4067 832 4149 suis,
859 4065 976 4134 iudicio
994 4075 1137 4142 senatus,
