2942 4902
759 388 800 450 28

295 584 365 664 quir
385 573 601 654 obnuntiaret,
622 599 661 640 ne
682 583 752 665 quis
779 576 846 664 legi
863 575 1089 642 intercederet:
1114 591 1150 642 at
1165 587 1269 644 omni·

295 685 353 752 bue
374 687 478 778 fastis
497 687 604 754 ἅίσόω
628 688 726 778 legem
750 689 841 780 serre·
865 687 996 756 liceret:
1019 705 1055 756 ut
1077 687 1130 754 lea
1155 691 1267 776 Aelio,

295 799 349 866 lee
373 803 469 890 Fufio
495 825 536 867 ne
555 802 703 868 voleret:
726 825 793 894 qua
819 825 885 869 una
907 804 1085 897 rogatione,
1118 806 1192 895 quia
1212 821 1269 886 eet,

295 913 353 1005 qui
368 937 436 982 non
454 911 623 1008 intelligat,
643 915 824 983 universam
850 941 918 984 rem
947 915 1111 1007 publicam
1126 941 1190 986 eeee
1212 919 1270 986 de-

295 1025 414 1094 letam?
450 1027 568 1095 Iisdem
596 1025 782 1094 oonsulibus
812 1027 1076 1119 inspectantibus,
1106 1053 1270 1097 servorum

295 1137 434 1206 delectus
463 1138 643 1208 habebatur
684 1165 743 1230 pro
777 1139 932 1208 tribunali
971 1141 1104 1209 Aurelio
1139 1145 1271 1210 nomine

294 1250 519 1346 oollegiorum3
537 1279 643 1344 quum
663 1255 792 1321 vicatim
815 1253 960 1322 homines
985 1253 1270 1337 oonaeriberentur,

295 1365 545 1450 denudarentur,
562 1367 605 1434 ad
622 1369 708 1452 vim,
730 1367 914 1450 admanue,
931 1368 972 1435 ad
987 1369 1131 1451 caedem,
1160 1369 1201 1436 ad
1221 1369 1271 1436 di-

295 1483 471 1572 reptionem
492 1482 708 1564 incitarentur.
756 1483 809 1548 ot.
838 1481 956 1548 lisdem
980 1481 1166 1550 oonsulibus
1184 1507 1272 1556 orme

294 1599 329 1664 in
354 1597 511 1690 templum
536 1597 673 1665 Castoris
702 1596 809 1689 palam
839 1597 1131 1688 oomportabantur,
1156 1599 1272 1691 gradus

294 1711 435 1781 eiusdem
449 1711 559 1804 templi
578 1711 793 1780 tollebantur:
814 1714 926 1778 armati
945 1711 1090 1778 homines
1107 1711 1215 1778 sor-tun
1240 1729 1272 1779 et

293 1829 460 1894 oonoionrr
499 1826 663 1894 tenebant:
692 1826 802 1893 caedes
830 1824 1103 1916 lapidationesque
1133 1823 1270 1892 fiebant:

293 1937 481 2006 nullatemt
493 1957 632 2022 aenatue,
647 1937 731 2008 nibil
745 1937 861 2029 reliqui
870 1939 1084 2030 magistratus:
1100 1961 1186 2004 unue
1202 1961 1273 2004 om-

293 2075 369 2119 nem
381 2056 528 2120 omnium
543 2069 728 2144 potestatem
738 2054 833 2119 armis
851 2070 883 2120 et
895 2051 1067 2120 lenociniis
1083 2049 1273 2142 possidebat,

293 2189 361 2231 non
380 2165 489 2257 aliqua
512 2167 545 2233 vi
569 2191 642 2248 sua,
662 2166 718 2232 eod
735 2189 840 2256 quum
868 2166 934 2233 duo
957 2163 1102 2233 ooneulee
1123 2191 1142 2232 a
1160 2189 1194 2232 re
1209 2189 1273 2256 pu·

293 2275 378 2344 blica
395 2281 634 2368 provinciarum
649 2278 774 2346 loedere
792 2281 986 2362 retraxisset,
1002 2277 1196 2361 insultabat,
1214 2279 1274 2346 do-

293 2389 488 2474 minabatur,
508 2389 575 2458 aliie
592 2389 814 2482 pollicebatur,
835 2409 953 2460 terrore
980 2417 1016 2459 ae
1035 2409 1126 2460 metu
1144 2389 1273 2474 multoe,

293 2503 402 2596 ptum
429 2507 524 2573 auam
552 2529 608 2596 spe
637 2522 668 2572 οι
691 2507 851 2596 pmmusis
881 2505 1018 2573 enabat.
1065 2507 1119 2572 oe.
1147 2487 1271 2590 Quae*

294 2621 392 2714 igitur
422 2619 461 2685 L.
483 2617 655 2686 Catilinam
684 2635 854 2686 conantem
889 2618 1002 2686 consul
1034 2619 1185 2710 prohibui
1195 2671 1205 2702 ,
1238 2641 1275 2686 ea

295 2733 333 2798 P.
348 2729 501 2800 Clodium
521 2731 689 2800 facientem
706 2733 742 2800 hi
759 2730 904 2800 consoles
918 2732 1121 2800 adiuverunt.
1160 2729 1277 2800 Voluit

295 2843 349 2912 ille
366 2861 513 2913 senatum
535 2844 724 2924 interfioere3
751 2843 786 2912 bi
817 2843 1034 2912 sustulerunt:
1060 2842 1144 2937 leges
1164 2846 1276 2912 inoen-

296 2957 370 3024 dere
377 2983 387 3037 ;
400 2958 436 3024 bi
445 2955 658 3052 abrogarunt:
671 2961 851 3026 interimere
867 2958 1019 3048 patriam
1033 2957 1069 3024 hi
1080 2957 1274 3026 afflixerunt.

296 3069 471 3140 Incendere
489 3069 545 3138 illa
562 3072 804 3138 coniuratorum
811 3093 930 3138 manue
954 3067 1057 3136 voluit
1080 3069 1208 3138 Urbem
1214 3095 1223 3148 ς
1239 3069 1277 3136 bi

296 3183 364 3250 eiua
380 3183 530 3267 domum,
548 3207 648 3276 quem
662 3201 793 3274 propter
811 3182 899 3251 Urbs
915 3185 1046 3252 inoenea
1062 3207 1130 3250 non
1150 3200 1206 3252 oet.
1229 3179 1276 3248 11-

295 3295 377 3365 lntl³
388 3322 464 3366 vero
476 3301 643 3393 geminum
659 3297 797 3366 oonsiliie
815 3295 971 3364 Catilinae
986 3314 1018 3364 ot
1035 3296 1176 3380 lentuli,
1187 3297 1278 3388 quod

296 3437 349 3480 mo
377 3412 473 3480 domo
502 3437 574 3480 mea
599 3410 812 3503 expulerim,
839 3409 902 3477 Cn.
925 3411 1119 3501 Pompeium
1142 3409 1277 3478 domum

296 3551 388 3594 enam
404 3523 641 3617 eompulerunt,
673 3525 789 3616 Neque
811 3525 919 3604 enim,
942 3545 995 3592 mo
1014 3539 1132 3606 eunte,
1156 3539 1188 3590 et
1206 3545 1277 3590 ma-

296 3657 394 3708 nente
410 3641 446 3706 in
466 3637 566 3706 Urbis
585 3635 708 3732 vigilie,
729 3659 837 3728 neque
856 3637 1017 3704 resistente
1039 3635 1102 3704 Cn.
1113 3635 1277 3724 Pompeio,

297 3755 445 3820 omnium
465 3756 610 3848 gentium
633 3753 771 3835 victore,
788 3773 937 3842 unquam
950 3773 983 3818 ee
1009 3747 1057 3818 illi
1081 3767 1150 3816 rem
1165 3745 1277 3838 publi-

297 3888 369 3934 cam
381 3863 486 3934 dolere
503 3890 593 3958 posse
611 3865 785 3933 duxerunt.
817 3861 849 3928 A
865 3885 918 3930 me
936 3860 1069 3953 quidem
1088 3863 1183 3928 etiam
1199 3882 1277 3950 poo-

335 4122 356 4192 Ι)
375 4127 400 4175 in
418 4124 499 4174 Pieon.
519 4139 543 4174 o.
565 4127 589 4172 ¹1.
612 4125 625 4188 p
646 4127 728 4174 sti.-
746 4121 770 4190 ¹)
790 4125 851 4174 loto.
871 4119 886 4188 §
907 4125 947 4172 16.
