2914 4902
791 324 853 388 tou

315 524 348 578 et
369 506 574 577 Philochorus
596 506 794 576 Atheniensis
817 511 840 590 ¹,
864 533 998 600 quorum
1019 511 1098 578 alter
1112 513 1152 578 ad
1171 516 1288 604 singula

315 624 408 691 verba
426 625 502 690 civis
524 623 571 688 sui
594 620 728 690 attendit
754 635 786 690 et
809 623 995 710 dictionem,
1020 628 1210 718 omninoque
1230 633 1288 698 cb-

313 743 452 808 seuriora
475 762 619 832 quaeque
638 741 671 806 in
696 739 848 807 Alcmene
863 740 1040 828 illustravit,
1064 743 1142 812 altar
1161 747 1289 814 fortasse

313 856 346 921 in
370 856 479 946 primis
500 863 628 944 μοθοος
650 853 820 944 explicavit
842 867 875 922 et
897 877 1008 937 sacras,
1033 869 1068 924 ut
1099 859 1143 924 ita
1166 858 1266 926 dicam
1278 911 1288 942 ,

312 971 525 1062 antiquitates.
550 970 700 1039 Neutrius
722 969 834 1037 lrorurn
858 973 1177 1042 commentationibus
1199 975 1290 1040 simi·

309 1085 350 1152 lis
372 1087 466 1152 luisse
488 1083 583 1155 corn.
607 1084 773 1152 Alexandri
793 1084 884 1165 liber,
909 1085 962 1152 sed
986 1087 1024 1153 ad
1040 1088 1223 1157 Philochcri
1240 1102 1290 1156 ta-

311 1223 383 1268 men
406 1205 558 1292 έξήηησιο
581 1202 710 1291 propius
731 1201 893 1267 accessisse
917 1199 1051 1268 videtur.
1100 1205 1289 1290 Quasnrbes

309 1327 492 1406 gentesque,
518 1337 595 1406 quas
617 1315 758 1382 locorum
774 1327 907 1382 vetustas
930 1317 993 1382 sive
1016 1315 1160 1386 historias
1182 1320 1291 1386 scula·

308 1430 398 1496 bulas
421 1431 552 1498 Alcman
577 1431 610 1496 in
632 1431 785 1522 poematis
813 1429 1041 1510 celebraverat,
1064 1455 1131 1513 eas,
1153 1434 1286 1523 opinor,

306 1543 482 1612 Alexander
504 1547 726 1636 interpretatus
744 1557 799 1611 est:
811 1567 883 1611 nam
902 1543 942 1612 de
959 1547 1184 1613 commentario
1203 1571 1289 1616 mere

306 1657 516 1749 geographico
542 1681 605 1726 nou
632 1657 828 1748 acceperim,
854 1680 935 1748 quae
961 1657 1111 1726 dicuntur
1141 1669 1288 1740 τοπικῶς

307 1776 513 1863 ἱστορημένα,
530 1797 565 1841 re
576 1797 639 1840 non
651 1773 771 1840 diversa
783 1796 800 1837 a
813 1783 966 1852 τυπικαῖς
984 1779 1150 1862 ἱστορίαις.
1176 1774 1232 1840 vel
1243 1775 1289 1840 sic

306 1864 411 1954 tamen
436 1887 498 1954 hoc
521 1890 625 1978 agenti
647 1887 837 1977 Polqhistori
852 1886 1058 1978 geographica
1075 1888 1174 1954 multa
1187 1890 1290 1978 expli·

306 2001 406 2068 canda
429 2003 523 2068 luisse
543 2025 602 2069 nec
625 2003 792 2092 quisquam
816 2001 942 2089 negabit
954 2023 1013 2067 nec
1029 2024 1107 2090 nego
1130 2004 1288 2092 equidem.

307 2116 395 2202 Quae
418 2129 560 2206 tempore
583 2117 742 2183 Alcmanis
765 2117 797 2181 iu
810 2117 882 2181 Asia
898 2114 1019 2182 Minore
1033 2117 1166 2207 aliisque
1189 2119 1220 2182 in
1240 2141 1289 2183 re·

304 2230 449 2318 pinnibus
471 2229 625 2297 florebant
653 2231 817 2312 civitates,
843 2251 950 2295 carun
971 2229 1139 2296 Alexandri
1163 2244 1285 2315 aetate,

305 2357 377 2434 post
400 2357 543 2412 sexcenta
561 2345 626 2411 lere
649 2344 782 2426 saecula,
808 2342 888 2409 aliae
907 2343 1102 2426 interierant,
1131 2343 1180 2412 vix
1204 2345 1288 2412 lama

304 2460 457 2548 cognitae,
483 2481 596 2526 nornen
620 2469 887 2525 commutaverant
907 2458 997 2526 uliae.
1034 2457 1118 2526 llinc
1140 2480 1201 2523 uon
1225 2482 1286 2549 po·

301 2585 384 2638 terat
407 2595 469 2640 non
493 2572 533 2639 de
555 2561 647 2663 polita
672 2575 752 2654 bene
775 2571 890 2638 mereri
914 2572 1052 2661 ipsisque
1086 2572 1202 2652 literis,
1228 2575 1286 2664 qui

300 2686 371 2754 loca
393 2687 446 2754 illa
468 2711 504 2754 er
528 2687 718 2778 antiquitate
740 2685 828 2776 quasi
852 2697 976 2752 erueret
1001 2707 1175 2776 eorumque
1201 2690 1284 2754 noti·

300 2803 377 2868 tiam
400 2804 534 2892 aperiret
558 2803 717 2882 omnibus,
736 2801 792 2891 qui
816 2799 903 2866 lllusa
939 2799 1122 2868 Alcmanica
1141 2801 1283 2870 delecta-

301 2928 431 2995 rentur;
456 2938 518 2982 non
541 2928 665 3006 poterat
692 2915 762 2982 talia
794 2914 884 2979 labor
911 2913 1057 3002 indignus
1080 2939 1145 2982 esse
1174 2917 1285 2984 studiis

300 3043 396 3120 atque
417 3029 593 3098 eruditione
614 3028 802 3108 Alexandri,
826 3029 940 3119 siquis
960 3029 1038 3099 alius
1059 3033 1281 3120 grammatico·

330 3175 481 3190 ——tn—

298 3273 361 3323 ΧΠ.
376 3289 398 3336 p.
414 3271 466 3322 646
484 3277 511 3324 A.
525 3275 560 3322 Ad
576 3274 635 3323 iden
651 3274 760 3338 scripturn
775 3272 898 3336 pertinum,
910 3289 970 3336 quse
986 3274 1094 3341 leguntur
1102 3275 1144 3324 lll.
1161 3291 1185 3337 p.
1202 3271 1235 3323 81
1257 3274 1284 3338 F,

299 3366 361 3416 xlv.
379 3383 401 3429 p.
419 3363 471 3416 648
488 3365 519 3414 Β.
844 3375 846 3380 ’

333 3463 355 3528 ¹)
372 3463 454 3512 Suidas
470 3479 493 3511 v.
505 3461 667 3532 Φιλόχορος.
684 3462 721 3511 Gl.
741 3462 833 3510 l’roclus
854 3461 883 3510 ad
900 3460 992 3511 lleaiod.
1006 3463 1064 3528 Opp.
1074 3460 1135 3511 271.
1165 3464 1196 3510 lix
1211 3461 1282 3512 Atlio·

297 3571 355 3604 usco
373 3557 414 3605 lX.
433 3575 454 3620 p.
473 3555 559 3606 390A
582 3566 606 3605 et
627 3557 693 3604 Xlll.
711 3574 733 3618 p.
757 3553 808 3604 600
829 3557 845 3603 F
868 3555 939 3603 ellicic
966 3556 1160 3604 Chamaeleontem
1190 3569 1281 3619 qnoque

296 3649 453 3698 lleraclcotuua
468 3653 535 3720 περὶ
550 3641 705 3711 Ἀλκμᾶνος
721 3649 846 3711 scripsisse,
859 3647 920 3696 utde
938 3645 1044 3708 Pindaro,
1059 3651 1207 3711 Anacreonte,
1223 3647 1281 3708 Sap·

297 3741 381 3806 pleone,
399 3742 520 3806 Aeschylo,
538 3743 588 3792 sliis
602 3744 673 3806 egisse
682 3741 774 3803 diritnn
784 3743 823 3790 sed
832 3743 921 3790 videtur
934 3743 975 3791 ille
992 3751 1108 3806 poetarum
1131 3741 1190 3788 vitas
1205 3739 1280 3803 potius

206 3835 211 3844 '
295 3849 411 3884 curram
420 3843 443 3882 et
458 3833 538 3883 laudes
554 3836 677 3898 generatim
693 3846 822 3897 persecutus
838 3852 896 3895 esse,
914 3853 981 3898 qussi
999 3845 1125 3898 poematum
1138 3834 1278 3900 ἐξηγήσεις

294 3927 390 3978 dedisse.
408 3927 485 3977 Simile
503 3945 560 3990 opus
572 3929 619 3976 sire
636 3931 728 3977 omniuo
750 3932 816 3999 περὶ
837 3931 959 3996 ποιητῶν
977 3947 1018 3978 seu
1032 3931 1098 3998 scapi
1109 3927 1278 3988 Ἀλκμᾶνος,

294 4021 382 4086 scripsit
395 4021 488 4071 forsitan
503 4021 579 4070 Crates
592 4023 704 4084 llallotes,
712 4023 777 4072 cuius
786 4041 815 4072 ex
826 4023 904 4072 sciolo
920 4022 1072 4088 Alexandrurp
1085 4022 1207 4085 proiectum
1219 4015 1278 4067 vidi·

295 4131 352 4168 πω.
369 4115 402 4168 Gi.
419 4115 499 4166 scidas
516 4133 538 4168 v.
558 4107 703 4180 Ἀλκμάν.Ι
1056 4123 1058 4128 ’
