2772 4902
731 333 793 396 148

277 546 382 595 varra.
411 521 582 597 dume'alrr'
608 521 748 605 αὑτοῦὴ
775 522 1016 605 καταρίθμησις
1036 521 1163 601 γίνεται
1190 522 1257 586 τῶν

275 635 458 704 Χαλδαίων
480 633 671 723 peritton&
698 631 808 700 Cetera
821 631 966 721 persequi
976 653 1036 696 non
1046 631 1145 709 lubet,
1159 629 1204 695 rel
1223 639 1258 693 ut
1367 639 1368 642 ’

276 771 356 837 quae
380 747 418 812 de
442 745 654 818 Seneoheribo
684 745 835 812 Eusebius
857 747 1028 836 excerpsit,
1048 729 1129 836 'poat
1150 743 1258 810 debel·
1367 811 1368 824 p

277 861 357 927 latos
380 861 412 926 in
446 857 557 926 Cilicia
588 859 719 926 Graecos
750 860 763 899 ²
809 861 895 925 Tarsi
927 860 1013 924 urbis
1045 858 1206 925 eonditore
1225 855 1257 934 ³,

275 997 419 1064 quaeque
443 975 496 1040 ille
519 989 552 1041 et
575 975 737 1063 Syneellus
753 975 792 1042 de
806 973 1015 1064 Sardanapalo
1030 975 1095 1042 sire
1111 973 1259 1060 Nabopo-
1367 961 1368 1020 Ϊ

274 1091 398 1173 lassare,
425 1092 513 1157 ouius
537 1091 605 1156 filio
634 1089 943 1156 Nabuchodonosoro
966 1089 1126 1178 Astyages,
1142 1087 1261 1154 ldediae

271 1217 417 1292 satrapea,
442 1205 537 1269 liliam
555 1205 585 1270 in
611 1205 843 1270 matrimonium
867 1202 988 1269 dederit
1006 1202 1036 1279 ⁴,
1060 1225 1098 1267 ne
1111 1200 1149 1266 de
1172 1199 1258 1289 Cyro

274 1318 395 1396 dicam,
429 1319 459 1382 in
492 1319 621 1408 planitie
659 1317 817 1384 Daharum
847 1318 878 1382 in
907 1339 1009 1406 pugna
1044 1316 1208 1382 interiecto
1232 1314 1259 1378 ⁵.

277 1435 362 1519 Quae
391 1431 519 1522 quidem
543 1433 646 1497 omnia
679 1433 870 1498 uberrimam
896 1433 1046 1521 praebent
1077 1427 1259 1519 disputandi

276 1547 449 1624 materiem,
475 1545 515 1610 ab
540 1545 599 1612 hoe
624 1545 692 1611 loeo
717 1560 749 1612 et
773 1545 905 1611 oonsilio
922 1557 1028 1610 noatro
1044 1544 1184 1609 alienam.
1210 1541 1278 1610 ln·'

275 1660 379 1726 dolum
404 1661 517 1748 operis,
537 1660 627 1725 cuius
651 1659 757 1726 lauder
781 1661 820 1725 ab
846 1658 1013 1726 Eusebio⁰
1036 1659 1156 1724 dudum
1172 1679 1261 1746 prae·

275 1777 393 1840 dicatas
417 1774 522 1839 dedita
548 1797 641 1862 opera
666 1774 837 1840 celebrarit
861 1773 1063 1852 Niebuhrius‚
1089 1775 1160 1839 satis
1188 1772 1261 1838 illu·

276 1901 403 1954 rtratam
428 1910 509 1954 reor.
559 1887 628 1952 lloo
652 1901 772 1952 tantum
803 1891 843 1952 ab
868 1877 1135 1974 Agathia'dootus
1159 1885 1256 1963 addo,

276 2000 485 2066 Alexandrum
500 2003 531 2064 in
544 2004 752 2080 Χαλδαϊκοῖς
765 2003 1123 2068 commemorasseetiam
1136 2000 1262 2065 Arsacis

310 2239 403 2300 1)1.1.
421 2256 443 2302 p.
461 2236 519 2288 390.
539 2261 573 2274 -
589 2211 616 2303 τί
633 2239 665 2292 u,
683 2239 727 2290 tna
743 2240 772 2289 aa
790 2255 815 2288 aa
833 2239 969 2290 nonatum
986 2242 1003 2293 1.
1020 2241 1038 2292 ι.
1056 2259 1082 2306 p.
1095 2239 1145 2291 eoa
1163 2258 1205 2306 aq.

311 2333 335 2398 ³)
356 2337 442 2384 lluaeb.
457 2337 480 2384 l.
494 2335 519 2385 5.
537 2356 563 2401 p.
583 2335 629 2398 19,
648 2335 686 2384 nti
702 2336 786 2385 dieitur
803 2336 988 2399 Sarddnapalur,
1004 2337 1056 2385 farao
1072 2337 1172 2386 eaeroitu
1189 2338 1263 2386 Grae·

275 2445 369 2491 eornm,
388 2443 467 2478 »auam
483 2429 619 2492 imaginem,
632 2440 658 2476 ut
676 2438 733 2477 earet
750 2428 858 2478 victoriae
875 2439 1053 2490 monumentum,
1064 2430 1151 2478 eulaeo
1162 2440 1262 2478 erectam

275 2520 408 2585 reliqniaae,
434 2521 472 2570 cui
488 2521 614 2570 Chaldaicis
631 2521 713 2571 litteria
736 2539 771 2571 rea
789 2540 803 2570 a
820 2539 844 2571 aa
860 2532 935 2588 geataa
951 2523 1050 2586 inaculpi
1073 2523 1216 2572 mandaverit
1233 2523 1261 2572 ad

275 2617 403 2666 memoriam
420 2626 543 2679 temporum
560 2616 729 2679 aernpiteanam.
751 2617 845 2666 Tamum
861 2633 953 2680 qnoque
972 2619 1050 2666 urbem
1068 2617 1097 2664 ab
1113 2633 1141 2665 ao
1152 2627 1262 2669 atrnctanr

276 2711 308 2760 ait
324 2709 472 2775 (l'olplaiator)
489 2709 518 2757 ad
537 2710 660 2774 Babylonia
677 2711 809 2772 exemplar,
827 2709 945 2773 eidemque
962 2727 1047 2758 nornen
1061 2711 1158 2759 inditum
1177 2711 1262 2761 Thor-

276 2805 342 2854 aa'ra.”
375 2806 448 2870 Atque
466 2803 523 2852 laneo
546 2821 574 2852 ex
591 2805 674 2852 Beroao
691 2805 755 2852 lonte
769 2805 895 2854 manariraa
913 2803 1036 2865 ridentur,
1057 2813 1083 2852 ut
1099 2803 1179 2853 aimilia
1193 2805 1262 2854 locu·

276 2896 379 2960 Abydeni
396 2914 433 2959 ap.
451 2898 536 2946 Euieb.
550 2898 574 2944 1.
587 2895 616 2944 9.
631 2915 652 2959 p.
660 2895 693 2944 25
711 2898 799 2961 arguit:
817 2915 869 2946 uam
886 2899 910 2945 iar
919 2897 959 2966 τῷ
968 2897 1042 2968 Περὶ
1053 2897 1181 2956 Κιλικίας
1192 2899 1259 2947 Alea·

276 2989 371 3037 andrum
389 2991 486 3038 Graeoor
510 2991 580 3038 dneea
604 2989 709 3038 habaina
726 2991 808 3038 ellici-aa
825 3009 853 3039 ex
870 2991 966 3055 origine,
983 3007 1051 3054 quaro
1069 2992 1144 3054 lingit,
1161 2991 1258 3040 nominis

277 3087 355 3136 Toraa'
371 3103 411 3147 ap.
424 3085 501 3148 suph.
519 3104 542 3135 r.
564 3085 683 3152 Ταρσός.
705 3087 768 3152 Cl.§
785 3084 814 3134 8.
838 3087 929 3133 laterior
947 3086 966 3134 ai
984 3103 1025 3149 pro
1042 3085 1193 3134 Seneelrariltn
1204 3086 1258 3135 Sar·

276 3179 413 3242 danapalnm
430 3178 643 3242 cogitabia,ridebia
660 3179 812 3227 narrationem
830 3178 978 3242 Polylliatoria
994 3195 1041 3226 non
1058 3178 1155 3226 maltum
1169 3178 1259 3228 differre

275 3290 290 3321 a
306 3271 425 3320 traditione
442 3272 585 3334 Grumum,
603 3289 661 3336 quae
670 3281 743 3320 aetate
760 3272 882 3320 Alexandri
897 3273 926 3322 tt.
941 3271 1081 3320 inraleroere
1090 3271 1172 3333 anapia
1181 3288 1258 3334 qnam·

277 3381 345 3428 quam
362 3364 387 3411 io
407 3364 497 3414 Garun.
516 3365 605 3413 Poael.
621 3355 650 3425 p.
668 3361 698 3412 'll
719 3365 812 3411 Persona
829 3364 920 3412 Tarsum
939 3363 1066 3413 eoodidirae
1081 3365 1172 3426 dieitur,
1190 3365 1258 3429 paulo

276 3469 330 3508 arata
347 3476 414 3523 quam
430 3457 570 3522 Anyriorum
588 3459 671 3522 llegem
687 3457 867 3519 Sardanapalum
885 3458 1042 3507 interfeoiaaet.
1079 3461 1104 3506 la
1122 3459 1168 3508 alia
1181 3458 1258 3508 omnia

279 3553 326 3602 aare
342 3551 452 3617 romanu·
468 3549 532 3601 Aur.
555 3537 580 3598 i.
593 3549 623 3599 o.
639 3549 673 3610 1,
690 3567 704 3598 a
724 3551 820 3600 raarro
836 3551 898 3600 rao
915 3551 1022 3616 uagam
1040 3553 1152 3602 aream.

313 3645 335 3702 l)
354 3645 439 3693 lluaala.
451 3661 477 3709 p.
491 3641 526 3692 20
544 3660 595 3706 aq.;
613 3643 718 3706 Synoell.
732 3660 759 3707 p.
772 3641 837 3692 396.

313 3737 337 3801 ⁵)
356 3754 383 3802 p.
397 3735 447 3786 21:
474 3737 601 3802 allapnarit
618 3737 736 3800 Babylone
752 3737 823 3802 Cyrno
839 3739 904 3785 annia
920 3753 1016 3800 novera,
1034 3738 1106 3788 donee
1122 3737 1146 3787 ia
1164 3737 1258 3803 planitia

278 3830 392 3882 Daharum
401 3829 487 3896 proelio
495 3839 597 3878 eonaerto
608 3828 687 3894 periit.
712 3829 768 3878 Tum
776 3831 894 3894 imperinm
901 3831 975 3879 tenuit
991 3831 1109 3896 Gambyaea
1120 3833 1186 3882 arania
1197 3841 1257 3880 oete.

280 3924 360 3975 deinde
387 3923 467 3973 llariua
484 3922 550 3972 annia
568 3939 608 3972 rex
625 3929 649 3971 et
665 3921 770 3986 triginta:
799 3923 879 3972 deinde
894 3925 980 3973 Xeraea
1004 3925 1118 3990 mammae
1141 3926 1257 3974 l'araamaa

279 4021 384 4084 uagam
418 4019 496 4080 Neque
514 4017 609 4065 ulterior
628 4016 752 4065 Eusebiaaa
770 4027 874 4084 eaoerpta
892 4019 1030 4083 procedunt.

315 4113 338 4176 Β)
356 4113 430 4164 ct.1.
445 4111 468 4164 l.
486 4109 543 4176 pt
561 4112 631 4174 ml..
649 4109 770 4176 5.p.20.
